2013.11.05 13:00:00.084,0.2171,0.21755,0.03,0.03
2013.11.05 13:00:00.279,0.21714,0.21757,0.02,0.03
2013.11.05 13:00:00.611,0.21719,0.21757,0.02,0.03
2013.11.05 13:00:00.729,0.21719,0.21758,0.03,0.02
2013.11.05 13:00:00.788,0.21719,0.21764,0.05,0.03
2013.11.05 13:00:00.910,0.21719,0.21762,0.03,0.02
2013.11.05 13:00:01.028,0.21717,0.21762,0.03,0.04
2013.11.05 13:00:01.149,0.21724,0.21762,0.03,0.02
2013.11.05 13:00:01.449,0.21734,0.21773,0.02,0.02
2013.11.05 13:00:01.639,0.21734,0.21777,0.02,0.03
2013.11.05 13:00:02.168,0.21734,0.21778,0.02,0.02
2013.11.05 13:00:02.631,0.21735,0.2178,0.03,0.02
2013.11.05 13:00:02.701,0.21734,0.21778,0.02,0.03
2013.11.05 13:00:03.038,0.21736,0.21781,0.03,0.03
2013.11.05 13:00:03.506,0.21744,0.21782,0.02,0.03
2013.11.05 13:00:03.558,0.21744,0.21786,0.02,0.03
2013.11.05 13:00:04.050,0.21744,0.21786,0.02,0.03
2013.11.05 13:00:04.113,0.21749,0.21786,0.02,0.03
2013.11.05 13:00:04.458,0.21751,0.21797,0.03,0.03
2013.11.05 13:00:04.518,0.21752,0.21797,0.03,0.03
2013.11.05 13:00:04.946,0.2175,0.21795,0.03,0.03
2013.11.05 13:00:05.254,0.21749,0.21792,0.03,0.03
2013.11.05 13:00:05.589,0.21744,0.21789,0.05,0.03
2013.11.05 13:00:06.186,0.21746,0.21791,0.03,0.03
2013.11.05 13:00:06.499,0.21746,0.21791,0.03,0.03
2013.11.05 13:00:07.214,0.21746,0.21791,0.03,0.03
2013.11.05 13:00:07.774,0.21744,0.21787,0.02,0.03
2013.11.05 13:00:09.108,0.21739,0.21784,0.05,0.02
2013.11.05 13:00:09.529,0.21739,0.21782,0.03,0.02
2013.11.05 13:00:09.659,0.21734,0.21779,0.05,0.02
2013.11.05 13:00:10.073,0.21734,0.21779,0.05,0.02
2013.11.05 13:00:10.248,0.21739,0.21784,0.04,0.02
2013.11.05 13:00:10.308,0.21739,0.21784,0.05,0.02
2013.11.05 13:00:10.369,0.21741,0.21786,0.03,0.02
2013.11.05 13:00:10.699,0.21739,0.21784,0.04,0.02
2013.11.05 13:00:11.118,0.21741,0.21786,0.03,0.02
2013.11.05 13:00:11.839,0.21741,0.21786,0.03,0.02
2013.11.05 13:00:12.209,0.21739,0.21783,0.02,0.03
2013.11.05 13:00:12.398,0.2174,0.21785,0.03,0.03
2013.11.05 13:00:15.629,0.21737,0.21782,0.02,0.03
2013.11.05 13:00:15.688,0.21734,0.21778,0.02,0.03
2013.11.05 13:00:16.168,0.21731,0.21776,0.03,0.03
2013.11.05 13:00:16.288,0.21729,0.21774,0.04,0.02
2013.11.05 13:00:16.609,0.21729,0.21774,0.04,0.03
2013.11.05 13:00:16.710,0.21729,0.21774,0.04,0.02
2013.11.05 13:00:16.948,0.21729,0.21773,0.02,0.03
2013.11.05 13:00:17.129,0.21729,0.21773,0.02,0.03
2013.11.05 13:00:17.948,0.21728,0.21773,0.03,0.03
2013.11.05 13:00:18.008,0.21728,0.21773,0.03,0.02
2013.11.05 13:00:18.623,0.21729,0.21773,0.02,0.02
2013.11.05 13:00:19.180,0.21731,0.21776,0.03,0.02
2013.11.05 13:00:20.053,0.21734,0.21776,0.02,0.02
2013.11.05 13:00:20.108,0.21734,0.21779,0.04,0.02
2013.11.05 13:00:20.228,0.21736,0.21781,0.03,0.02
2013.11.05 13:00:20.288,0.21736,0.21777,0.03,0.02
2013.11.05 13:00:20.816,0.21729,0.21774,0.04,0.02
2013.11.05 13:00:21.278,0.21731,0.21776,0.03,0.02
2013.11.05 13:00:21.398,0.21729,0.21774,0.04,0.02
2013.11.05 13:00:22.258,0.21729,0.21774,0.05,0.02
2013.11.05 13:00:22.318,0.21734,0.21779,0.03,0.03
2013.11.05 13:00:22.831,0.21734,0.21779,0.03,0.03
2013.11.05 13:00:23.023,0.21734,0.21779,0.03,0.02
2013.11.05 13:00:23.718,0.21734,0.21779,0.05,0.02
2013.11.05 13:00:24.908,0.21734,0.21779,0.04,0.03
2013.11.05 13:00:25.091,0.21734,0.21779,0.04,0.02
2013.11.05 13:00:25.504,0.21734,0.21779,0.04,0.03
2013.11.05 13:00:25.818,0.21734,0.21777,0.02,0.03
2013.11.05 13:00:27.439,0.21734,0.21777,0.02,0.03
2013.11.05 13:00:27.499,0.21732,0.21777,0.02,0.04
2013.11.05 13:00:28.083,0.21729,0.21774,0.04,0.03
2013.11.05 13:00:28.649,0.21734,0.21774,0.02,0.03
2013.11.05 13:00:28.708,0.21734,0.21774,0.02,0.03
2013.11.05 13:00:29.228,0.21729,0.21774,0.04,0.03
2013.11.05 13:00:29.289,0.21729,0.21774,0.04,0.03
2013.11.05 13:00:32.152,0.21729,0.21774,0.05,0.03
2013.11.05 13:00:32.268,0.21734,0.21775,0.02,0.02
2013.11.05 13:00:32.329,0.21734,0.21778,0.02,0.03
2013.11.05 13:00:32.762,0.21734,0.21778,0.02,0.03
2013.11.05 13:00:33.108,0.2173,0.21775,0.03,0.03
2013.11.05 13:00:33.287,0.21729,0.21774,0.04,0.03
2013.11.05 13:00:33.350,0.21729,0.21774,0.04,0.03
2013.11.05 13:00:33.479,0.21729,0.21774,0.04,0.03
2013.11.05 13:00:33.700,0.21731,0.21776,0.03,0.03
2013.11.05 13:00:34.208,0.21729,0.21774,0.04,0.03
2013.11.05 13:00:34.596,0.21729,0.21774,0.05,0.03
2013.11.05 13:00:35.001,0.21729,0.21774,0.04,0.03
2013.11.05 13:00:35.439,0.21734,0.21777,0.02,0.03
2013.11.05 13:00:35.968,0.21734,0.21777,0.02,0.03
2013.11.05 13:00:36.088,0.2173,0.21775,0.03,0.02
2013.11.05 13:00:36.208,0.2173,0.21775,0.03,0.02
2013.11.05 13:00:36.741,0.21729,0.21774,0.04,0.03
2013.11.05 13:00:37.051,0.21729,0.21772,0.03,0.02
2013.11.05 13:00:37.109,0.21729,0.21772,0.03,0.02
2013.11.05 13:00:37.229,0.21727,0.21772,0.03,0.04
2013.11.05 13:00:37.998,0.21724,0.21769,0.03,0.03
2013.11.05 13:00:38.364,0.21724,0.21769,0.05,0.03
2013.11.05 13:00:38.418,0.21724,0.21769,0.05,0.03
2013.11.05 13:00:38.688,0.21724,0.21766,0.03,0.02
2013.11.05 13:00:39.379,0.21724,0.21766,0.03,0.03
2013.11.05 13:00:39.570,0.21726,0.21767,0.02,0.03
2013.11.05 13:00:39.629,0.21729,0.21771,0.02,0.03
2013.11.05 13:00:40.304,0.21725,0.2177,0.03,0.03
2013.11.05 13:00:40.418,0.21724,0.21769,0.05,0.03
2013.11.05 13:00:41.830,0.21724,0.21769,0.05,0.03
2013.11.05 13:00:41.949,0.21724,0.21769,0.05,0.03
2013.11.05 13:00:42.036,0.21724,0.21769,0.05,0.03
2013.11.05 13:00:42.641,0.21729,0.21771,0.02,0.03
2013.11.05 13:00:43.142,0.21729,0.21771,0.02,0.02
2013.11.05 13:00:43.198,0.21734,0.21774,0.02,0.02
2013.11.05 13:00:43.378,0.21734,0.21776,0.03,0.02
2013.11.05 13:00:43.932,0.21734,0.21776,0.03,0.02
2013.11.05 13:00:44.099,0.21739,0.21776,0.02,0.02
2013.11.05 13:00:44.159,0.21739,0.21781,0.02,0.03
2013.11.05 13:00:44.339,0.21736,0.21777,0.03,0.02
2013.11.05 13:00:44.518,0.21732,0.21777,0.03,0.03
2013.11.05 13:00:44.578,0.21732,0.21777,0.03,0.03
2013.11.05 13:00:44.698,0.21734,0.21777,0.02,0.04
2013.11.05 13:00:45.038,0.21734,0.21777,0.02,0.03
2013.11.05 13:00:46.378,0.21733,0.21778,0.03,0.02
2013.11.05 13:00:46.738,0.21733,0.21795,0.03,0.02
2013.11.05 13:00:46.798,0.21746,0.21796,0.03,0.02
2013.11.05 13:00:46.886,0.21756,0.21801,0.03,0.02
2013.11.05 13:00:46.938,0.21756,0.21801,0.03,0.02
2013.11.05 13:00:47.379,0.21754,0.21799,0.03,0.02
2013.11.05 13:00:47.498,0.21752,0.21797,0.03,0.02
2013.11.05 13:00:47.559,0.2175,0.21795,0.02,0.02
2013.11.05 13:00:48.020,0.2175,0.21795,0.03,0.03
2013.11.05 13:00:48.348,0.21751,0.21796,0.03,0.03
2013.11.05 13:00:48.649,0.21751,0.21796,0.03,0.02
2013.11.05 13:00:48.968,0.21749,0.21794,0.03,0.03
2013.11.05 13:00:49.419,0.21749,0.21794,0.03,0.03
2013.11.05 13:00:49.788,0.21746,0.21791,0.03,0.02
2013.11.05 13:00:49.871,0.21746,0.21791,0.03,0.02
2013.11.05 13:00:49.988,0.21746,0.21791,0.03,0.02
2013.11.05 13:00:50.709,0.21746,0.21791,0.03,0.03
2013.11.05 13:00:50.768,0.21751,0.21796,0.03,0.03
2013.11.05 13:00:51.278,0.21749,0.21794,0.03,0.02
2013.11.05 13:00:51.558,0.21749,0.21794,0.03,0.03
2013.11.05 13:00:52.098,0.21749,0.21794,0.03,0.03
2013.11.05 13:00:52.639,0.21747,0.21792,0.03,0.03
2013.11.05 13:00:53.162,0.21749,0.21794,0.03,0.03
2013.11.05 13:00:53.219,0.21749,0.21794,0.03,0.03
2013.11.05 13:00:54.199,0.21749,0.21794,0.03,0.03
2013.11.05 13:00:54.812,0.21747,0.21792,0.03,0.03
2013.11.05 13:00:55.169,0.21744,0.21789,0.03,0.03
2013.11.05 13:00:55.408,0.21744,0.21789,0.03,0.03
2013.11.05 13:00:56.348,0.21744,0.21789,0.03,0.03
2013.11.05 13:00:57.678,0.21742,0.21787,0.03,0.03
2013.11.05 13:00:58.089,0.21744,0.21789,0.03,0.03
2013.11.05 13:00:58.832,0.21749,0.21794,0.02,0.03
2013.11.05 13:00:58.888,0.21749,0.21794,0.03,0.02
2013.11.05 13:00:59.149,0.21744,0.21789,0.03,0.02
2013.11.05 13:00:59.328,0.21744,0.21789,0.03,0.03
2013.11.05 13:00:59.409,0.21744,0.21789,0.03,0.03
2013.11.05 13:00:59.849,0.21744,0.21789,0.03,0.03
2013.11.05 13:01:00.518,0.21746,0.21791,0.03,0.02
2013.11.05 13:01:00.578,0.21749,0.21794,0.03,0.03
2013.11.05 13:01:01.119,0.21746,0.21791,0.03,0.02
2013.11.05 13:01:01.308,0.21746,0.21791,0.03,0.02
2013.11.05 13:01:01.819,0.21743,0.21788,0.03,0.02
2013.11.05 13:01:01.879,0.21743,0.21788,0.03,0.03
2013.11.05 13:01:02.089,0.2174,0.21785,0.03,0.02
2013.11.05 13:01:02.597,0.2174,0.21785,0.03,0.03
2013.11.05 13:01:03.218,0.2174,0.21785,0.03,0.02
2013.11.05 13:01:03.502,0.21744,0.21789,0.03,0.03
2013.11.05 13:01:03.832,0.21744,0.21789,0.03,0.03
2013.11.05 13:01:04.932,0.21744,0.21789,0.03,0.02
2013.11.05 13:01:07.967,0.21744,0.21788,0.05,0.02
2013.11.05 13:01:08.029,0.21744,0.21787,0.03,0.02
2013.11.05 13:01:08.562,0.21744,0.21787,0.02,0.03
2013.11.05 13:01:08.868,0.21739,0.21784,0.05,0.02
2013.11.05 13:01:08.928,0.21739,0.21784,0.05,0.03
2013.11.05 13:01:09.429,0.21735,0.2178,0.03,0.02
2013.11.05 13:01:09.488,0.21735,0.2178,0.03,0.02
2013.11.05 13:01:09.548,0.21734,0.21778,0.03,0.02
2013.11.05 13:01:09.878,0.21734,0.21779,0.05,0.02
2013.11.05 13:01:10.016,0.21734,0.21779,0.05,0.02
2013.11.05 13:01:10.378,0.21734,0.21777,0.02,0.02
2013.11.05 13:01:10.438,0.21734,0.21777,0.02,0.02
2013.11.05 13:01:10.758,0.21734,0.21779,0.04,0.03
2013.11.05 13:01:11.409,0.21734,0.21779,0.04,0.03
2013.11.05 13:01:12.209,0.21739,0.2178,0.02,0.03
2013.11.05 13:01:14.282,0.21739,0.21782,0.02,0.03
2013.11.05 13:01:15.272,0.21738,0.21782,0.02,0.03
2013.11.05 13:01:16.609,0.21739,0.21782,0.02,0.03
2013.11.05 13:01:17.148,0.21737,0.21782,0.03,0.03
2013.11.05 13:01:17.269,0.21734,0.21779,0.05,0.03
2013.11.05 13:01:17.570,0.21734,0.21779,0.05,0.02
2013.11.05 13:01:19.180,0.21734,0.21779,0.05,0.03
2013.11.05 13:01:19.939,0.21734,0.21778,0.05,0.02
2013.11.05 13:01:20.732,0.21734,0.21779,0.05,0.03
2013.11.05 13:01:20.849,0.21735,0.2178,0.03,0.03
2013.11.05 13:01:21.824,0.21734,0.21779,0.05,0.02
2013.11.05 13:01:22.813,0.21734,0.21778,0.03,0.02
2013.11.05 13:01:22.868,0.21734,0.21778,0.03,0.02
2013.11.05 13:01:23.309,0.21735,0.21779,0.02,0.02
2013.11.05 13:01:23.370,0.21736,0.21781,0.03,0.03
2013.11.05 13:01:23.903,0.21736,0.21781,0.03,0.02
2013.11.05 13:01:24.457,0.21735,0.2178,0.03,0.02
2013.11.05 13:01:25.298,0.21735,0.2178,0.03,0.02
2013.11.05 13:01:25.612,0.21739,0.2178,0.02,0.02
2013.11.05 13:01:25.818,0.21739,0.21784,0.05,0.02
2013.11.05 13:01:26.162,0.21739,0.21784,0.05,0.02
2013.11.05 13:01:26.852,0.2174,0.21785,0.03,0.03
2013.11.05 13:01:26.908,0.2174,0.21785,0.03,0.03
2013.11.05 13:01:27.262,0.21744,0.21785,0.02,0.02
2013.11.05 13:01:28.001,0.21744,0.21786,0.02,0.02
2013.11.05 13:01:28.508,0.21741,0.21786,0.03,0.03
2013.11.05 13:01:28.582,0.21741,0.21786,0.03,0.03
2013.11.05 13:01:28.638,0.2174,0.21785,0.03,0.03
2013.11.05 13:01:28.818,0.21739,0.21784,0.05,0.03
2013.11.05 13:01:29.378,0.21739,0.21782,0.02,0.02
2013.11.05 13:01:29.498,0.21739,0.21784,0.04,0.03
2013.11.05 13:01:29.618,0.21739,0.21784,0.04,0.03
2013.11.05 13:01:29.902,0.21739,0.21784,0.05,0.03
2013.11.05 13:01:30.346,0.21739,0.21784,0.05,0.02
2013.11.05 13:01:30.598,0.21739,0.21784,0.04,0.03
2013.11.05 13:01:32.328,0.21738,0.21783,0.03,0.03
2013.11.05 13:01:34.720,0.21735,0.2178,0.03,0.02
2013.11.05 13:01:35.470,0.21739,0.21782,0.02,0.03
2013.11.05 13:01:37.271,0.21739,0.21782,0.02,0.03
2013.11.05 13:01:38.042,0.21739,0.21784,0.05,0.02
2013.11.05 13:01:39.629,0.2174,0.21785,0.03,0.03
2013.11.05 13:01:40.399,0.21744,0.21786,0.02,0.02
2013.11.05 13:01:40.738,0.2174,0.21785,0.03,0.03
2013.11.05 13:01:40.958,0.2174,0.21785,0.03,0.03
2013.11.05 13:01:41.278,0.2174,0.21785,0.03,0.03
2013.11.05 13:01:42.112,0.2174,0.21785,0.03,0.02
2013.11.05 13:01:42.928,0.21744,0.21786,0.02,0.02
2013.11.05 13:01:48.298,0.21744,0.21786,0.02,0.03
2013.11.05 13:01:48.931,0.21744,0.21786,0.03,0.03
2013.11.05 13:01:49.278,0.21744,0.21786,0.02,0.03
2013.11.05 13:01:49.935,0.21741,0.21786,0.03,0.03
2013.11.05 13:01:50.079,0.21739,0.21784,0.05,0.03
2013.11.05 13:01:52.939,0.21739,0.21784,0.05,0.02
2013.11.05 13:01:54.469,0.21739,0.21784,0.05,0.03
2013.11.05 13:01:56.191,0.21739,0.21784,0.05,0.03
2013.11.05 13:01:59.381,0.21739,0.21783,0.05,0.02
2013.11.05 13:02:00.701,0.21739,0.21782,0.03,0.03
2013.11.05 13:02:01.025,0.2174,0.21785,0.03,0.02
2013.11.05 13:02:01.852,0.21739,0.21784,0.05,0.02
2013.11.05 13:02:02.525,0.21739,0.21784,0.05,0.03
2013.11.05 13:02:03.249,0.21739,0.21784,0.05,0.03
2013.11.05 13:02:05.818,0.21738,0.21783,0.03,0.04
2013.11.05 13:02:05.998,0.21734,0.21779,0.05,0.02
2013.11.05 13:02:06.539,0.21739,0.21779,0.02,0.02
2013.11.05 13:02:06.599,0.21739,0.21781,0.02,0.03
2013.11.05 13:02:07.652,0.21739,0.21779,0.02,0.02
2013.11.05 13:02:08.250,0.21734,0.21779,0.05,0.03
2013.11.05 13:02:10.491,0.21734,0.21778,0.03,0.03
2013.11.05 13:02:20.261,0.21734,0.21777,0.03,0.03
2013.11.05 13:02:20.718,0.21729,0.21774,0.05,0.03
2013.11.05 13:02:20.838,0.2173,0.21775,0.03,0.03
2013.11.05 13:02:21.159,0.21731,0.21776,0.03,0.03
2013.11.05 13:02:21.839,0.21731,0.21776,0.03,0.03
2013.11.05 13:02:21.968,0.21729,0.21774,0.05,0.03
2013.11.05 13:02:23.129,0.21729,0.21772,0.02,0.03
2013.11.05 13:02:25.651,0.21727,0.21772,0.03,0.03
2013.11.05 13:02:25.891,0.21726,0.21771,0.03,0.03
2013.11.05 13:02:26.219,0.21725,0.2177,0.03,0.03
2013.11.05 13:02:26.790,0.21725,0.2177,0.03,0.03
2013.11.05 13:02:26.909,0.21725,0.2177,0.03,0.03
2013.11.05 13:02:28.078,0.21724,0.21768,0.05,0.02
2013.11.05 13:02:28.469,0.21729,0.21769,0.02,0.03
2013.11.05 13:02:28.529,0.21729,0.21771,0.02,0.03
2013.11.05 13:02:29.398,0.21729,0.21772,0.03,0.03
2013.11.05 13:02:29.984,0.21729,0.21773,0.03,0.03
2013.11.05 13:02:30.051,0.21729,0.21773,0.03,0.03
2013.11.05 13:02:33.131,0.21728,0.21772,0.02,0.03
2013.11.05 13:02:35.339,0.21729,0.21772,0.02,0.03
2013.11.05 13:02:35.611,0.21725,0.21768,0.03,0.02
2013.11.05 13:02:35.728,0.21724,0.21767,0.03,0.02
2013.11.05 13:02:35.791,0.21724,0.21767,0.03,0.02
2013.11.05 13:02:37.118,0.21724,0.21765,0.02,0.02
2013.11.05 13:02:37.959,0.2172,0.21765,0.03,0.03
2013.11.05 13:02:38.019,0.2172,0.21765,0.03,0.03
2013.11.05 13:02:38.220,0.2172,0.21763,0.03,0.02
2013.11.05 13:02:38.782,0.21717,0.21762,0.03,0.03
2013.11.05 13:02:39.179,0.21715,0.2176,0.03,0.02
2013.11.05 13:02:39.238,0.21715,0.21758,0.03,0.02
2013.11.05 13:02:40.000,0.21714,0.21758,0.05,0.03
2013.11.05 13:02:40.119,0.21715,0.2176,0.03,0.03
2013.11.05 13:02:40.259,0.21716,0.21761,0.03,0.02
2013.11.05 13:02:40.568,0.21716,0.21761,0.03,0.03
2013.11.05 13:02:41.069,0.21714,0.21758,0.03,0.05
2013.11.05 13:02:41.520,0.21717,0.21762,0.03,0.03
2013.11.05 13:02:42.091,0.21719,0.21763,0.05,0.02
2013.11.05 13:02:42.633,0.21721,0.21766,0.02,0.03
2013.11.05 13:02:43.755,0.21721,0.21766,0.03,0.03
2013.11.05 13:02:44.218,0.21724,0.21766,0.03,0.02
2013.11.05 13:02:44.419,0.21724,0.21768,0.03,0.02
2013.11.05 13:02:44.749,0.21722,0.21767,0.03,0.03
2013.11.05 13:02:45.354,0.21722,0.21767,0.03,0.03
2013.11.05 13:02:46.030,0.21722,0.21767,0.03,0.03
2013.11.05 13:02:46.829,0.21721,0.21765,0.03,0.02
2013.11.05 13:02:47.379,0.21721,0.21766,0.03,0.03
2013.11.05 13:02:56.721,0.21719,0.21763,0.03,0.02
2013.11.05 13:02:59.269,0.21719,0.21763,0.03,0.02
2013.11.05 13:03:00.340,0.21719,0.21763,0.02,0.03
2013.11.05 13:03:00.459,0.21716,0.21761,0.03,0.03
2013.11.05 13:03:03.386,0.21716,0.21761,0.03,0.03
2013.11.05 13:03:03.999,0.21719,0.21762,0.02,0.03
2013.11.05 13:03:05.569,0.21719,0.21763,0.04,0.02
2013.11.05 13:03:15.449,0.21719,0.21763,0.05,0.02
2013.11.05 13:03:20.739,0.21719,0.21763,0.04,0.02
2013.11.05 13:03:21.250,0.21719,0.21763,0.04,0.02
2013.11.05 13:03:27.310,0.21717,0.21762,0.03,0.03
2013.11.05 13:03:27.642,0.21717,0.21762,0.03,0.03
2013.11.05 13:03:27.950,0.21719,0.21763,0.02,0.05
2013.11.05 13:03:28.579,0.21718,0.21763,0.02,0.04
2013.11.05 13:03:28.980,0.21719,0.2176,0.02,0.03
2013.11.05 13:03:29.487,0.21718,0.21763,0.02,0.04
2013.11.05 13:03:30.247,0.21715,0.2176,0.03,0.03
2013.11.05 13:03:31.889,0.21717,0.21762,0.03,0.03
2013.11.05 13:03:32.509,0.21719,0.21763,0.02,0.03
2013.11.05 13:03:37.764,0.21719,0.21763,0.02,0.03
2013.11.05 13:03:37.819,0.21719,0.21763,0.02,0.03
2013.11.05 13:03:37.879,0.21719,0.21764,0.05,0.03
2013.11.05 13:03:39.659,0.21719,0.21763,0.02,0.03
2013.11.05 13:03:40.789,0.21719,0.21763,0.02,0.04
2013.11.05 13:03:43.209,0.21719,0.21763,0.02,0.04
2013.11.05 13:03:43.519,0.21719,0.21764,0.04,0.03
2013.11.05 13:03:44.739,0.21719,0.21763,0.02,0.03
2013.11.05 13:03:44.799,0.21714,0.21759,0.05,0.03
2013.11.05 13:03:45.703,0.21714,0.21759,0.03,0.03
2013.11.05 13:03:46.040,0.21716,0.21761,0.03,0.03
2013.11.05 13:03:50.259,0.21719,0.21763,0.03,0.04
2013.11.05 13:03:50.439,0.21719,0.21763,0.03,0.04
2013.11.05 13:03:50.919,0.21719,0.21763,0.03,0.04
2013.11.05 13:03:52.769,0.21719,0.21762,0.03,0.03
2013.11.05 13:03:57.370,0.21719,0.21762,0.03,0.03
2013.11.05 13:03:59.469,0.21719,0.21762,0.03,0.03
2013.11.05 13:03:59.709,0.2172,0.21765,0.03,0.02
2013.11.05 13:04:00.989,0.21719,0.21764,0.05,0.02
2013.11.05 13:04:01.597,0.2172,0.21765,0.03,0.02
2013.11.05 13:04:02.289,0.2172,0.21765,0.03,0.02
2013.11.05 13:04:03.012,0.2172,0.21765,0.03,0.02
2013.11.05 13:04:03.594,0.21719,0.21764,0.05,0.02
2013.11.05 13:04:04.079,0.21724,0.21767,0.03,0.03
2013.11.05 13:04:04.617,0.21724,0.21767,0.03,0.03
2013.11.05 13:04:05.349,0.21721,0.21766,0.03,0.02
2013.11.05 13:04:05.469,0.21719,0.21762,0.02,0.02
2013.11.05 13:04:05.599,0.21721,0.21766,0.03,0.03
2013.11.05 13:04:05.659,0.21721,0.21766,0.03,0.03
2013.11.05 13:04:06.069,0.21724,0.21766,0.03,0.02
2013.11.05 13:04:06.609,0.21724,0.21767,0.02,0.02
2013.11.05 13:04:06.669,0.21724,0.21767,0.02,0.02
2013.11.05 13:04:07.246,0.21724,0.21768,0.02,0.03
2013.11.05 13:04:07.669,0.21719,0.21764,0.05,0.02
2013.11.05 13:04:08.183,0.21724,0.21766,0.02,0.03
2013.11.05 13:04:08.359,0.21724,0.21768,0.02,0.03
2013.11.05 13:04:08.888,0.21724,0.21769,0.05,0.02
2013.11.05 13:04:09.722,0.21724,0.21768,0.03,0.02
2013.11.05 13:04:10.318,0.21724,0.21767,0.02,0.02
2013.11.05 13:04:10.669,0.21719,0.21764,0.05,0.02
2013.11.05 13:04:11.229,0.2172,0.21765,0.03,0.03
2013.11.05 13:04:11.349,0.21724,0.21767,0.02,0.03
2013.11.05 13:04:11.689,0.21723,0.21768,0.03,0.03
2013.11.05 13:04:11.774,0.21723,0.21768,0.03,0.05
2013.11.05 13:04:11.889,0.21719,0.21764,0.05,0.03
2013.11.05 13:04:12.389,0.21719,0.21764,0.05,0.02
2013.11.05 13:04:12.685,0.21724,0.21766,0.02,0.02
2013.11.05 13:04:13.398,0.2172,0.21765,0.03,0.02
2013.11.05 13:04:13.947,0.21719,0.21764,0.05,0.02
2013.11.05 13:04:15.250,0.21719,0.21764,0.05,0.03
2013.11.05 13:04:15.709,0.21722,0.21767,0.03,0.03
2013.11.05 13:04:15.829,0.21722,0.21767,0.03,0.03
2013.11.05 13:04:16.309,0.2172,0.21765,0.03,0.02
2013.11.05 13:04:16.829,0.21721,0.21766,0.03,0.03
2013.11.05 13:04:17.409,0.2172,0.21765,0.03,0.02
2013.11.05 13:04:18.080,0.21719,0.21764,0.05,0.03
2013.11.05 13:04:18.230,0.21719,0.21764,0.05,0.02
2013.11.05 13:04:18.400,0.21724,0.21767,0.03,0.03
2013.11.05 13:04:18.799,0.21719,0.21764,0.05,0.02
2013.11.05 13:04:18.920,0.21719,0.21764,0.05,0.03
2013.11.05 13:04:19.671,0.21719,0.21764,0.05,0.03
2013.11.05 13:04:19.976,0.2172,0.21765,0.03,0.03
2013.11.05 13:04:20.240,0.21719,0.21764,0.05,0.02
2013.11.05 13:04:22.400,0.21719,0.21763,0.02,0.02
2013.11.05 13:04:22.460,0.21719,0.21763,0.02,0.03
2013.11.05 13:04:22.739,0.21715,0.2176,0.03,0.02
2013.11.05 13:04:22.799,0.21715,0.2176,0.03,0.02
2013.11.05 13:04:23.109,0.21715,0.2176,0.03,0.02
2013.11.05 13:04:23.479,0.21719,0.21764,0.04,0.02
2013.11.05 13:04:23.689,0.21719,0.21764,0.04,0.02
2013.11.05 13:04:24.089,0.21719,0.21764,0.04,0.02
2013.11.05 13:04:24.209,0.21715,0.2176,0.03,0.02
2013.11.05 13:04:24.579,0.21715,0.2176,0.03,0.02
2013.11.05 13:04:25.309,0.21719,0.2176,0.03,0.02
2013.11.05 13:04:25.369,0.2172,0.21765,0.03,0.02
2013.11.05 13:04:25.429,0.21719,0.21763,0.03,0.02
2013.11.05 13:04:25.765,0.2172,0.21765,0.03,0.02
2013.11.05 13:04:26.639,0.21719,0.21763,0.03,0.02
2013.11.05 13:04:27.150,0.21719,0.21763,0.02,0.03
2013.11.05 13:04:27.939,0.21719,0.21763,0.02,0.03
2013.11.05 13:04:28.492,0.21719,0.21763,0.02,0.03
2013.11.05 13:04:28.629,0.21724,0.21764,0.02,0.03
2013.11.05 13:04:28.689,0.21724,0.21764,0.02,0.02
2013.11.05 13:04:28.749,0.21724,0.21767,0.02,0.03
2013.11.05 13:04:30.519,0.21722,0.21767,0.03,0.03
2013.11.05 13:04:31.169,0.21719,0.21764,0.05,0.02
2013.11.05 13:04:34.629,0.21719,0.21764,0.05,0.03
2013.11.05 13:04:36.589,0.21719,0.21763,0.02,0.03
2013.11.05 13:04:38.090,0.21719,0.21763,0.02,0.03
2013.11.05 13:04:38.649,0.21717,0.21762,0.03,0.03
2013.11.05 13:04:42.324,0.21717,0.21762,0.03,0.02
2013.11.05 13:04:42.843,0.21719,0.21764,0.03,0.03
2013.11.05 13:04:42.960,0.21719,0.21764,0.03,0.02
2013.11.05 13:04:44.504,0.21724,0.21765,0.02,0.02
2013.11.05 13:04:46.143,0.21724,0.21766,0.02,0.03
2013.11.05 13:04:47.029,0.21719,0.21764,0.03,0.02
2013.11.05 13:04:47.580,0.21719,0.21763,0.03,0.03
2013.11.05 13:04:47.759,0.21718,0.21763,0.03,0.03
2013.11.05 13:04:47.819,0.21716,0.21761,0.03,0.03
2013.11.05 13:04:48.009,0.21715,0.2176,0.03,0.03
2013.11.05 13:04:48.369,0.21714,0.21758,0.03,0.03
2013.11.05 13:04:48.429,0.21719,0.21763,0.03,0.02
2013.11.05 13:04:48.729,0.21717,0.21762,0.03,0.03
2013.11.05 13:04:49.139,0.21719,0.2176,0.02,0.02
2013.11.05 13:04:49.259,0.21719,0.21762,0.02,0.02
2013.11.05 13:04:49.649,0.21715,0.2176,0.03,0.02
2013.11.05 13:04:50.159,0.21716,0.21761,0.03,0.02
2013.11.05 13:04:50.889,0.21716,0.21761,0.03,0.03
2013.11.05 13:04:53.109,0.21716,0.21761,0.03,0.02
2013.11.05 13:04:56.389,0.21719,0.21761,0.02,0.03
2013.11.05 13:04:56.968,0.21714,0.21759,0.05,0.02
2013.11.05 13:04:58.429,0.21709,0.21754,0.03,0.02
2013.11.05 13:04:58.489,0.21709,0.21754,0.05,0.02
2013.11.05 13:04:59.009,0.2171,0.21755,0.03,0.03
2013.11.05 13:04:59.619,0.2171,0.21755,0.03,0.03
2013.11.05 13:05:00.699,0.2171,0.21755,0.03,0.03
2013.11.05 13:05:08.892,0.2171,0.21755,0.03,0.03
2013.11.05 13:05:09.820,0.2171,0.21755,0.03,0.03
2013.11.05 13:05:12.429,0.2171,0.21755,0.03,0.03
2013.11.05 13:05:15.429,0.2171,0.21755,0.03,0.03
2013.11.05 13:05:18.249,0.2171,0.21755,0.03,0.02
2013.11.05 13:05:18.925,0.21711,0.21756,0.03,0.03
2013.11.05 13:05:20.119,0.2171,0.21755,0.03,0.02
2013.11.05 13:05:20.748,0.2171,0.21755,0.03,0.03
2013.11.05 13:05:20.989,0.2171,0.21755,0.03,0.03
2013.11.05 13:05:21.339,0.2171,0.21755,0.03,0.03
2013.11.05 13:05:23.069,0.2171,0.21753,0.03,0.02
2013.11.05 13:05:23.189,0.21704,0.21748,0.05,0.02
2013.11.05 13:05:25.280,0.21705,0.2175,0.03,0.03
2013.11.05 13:05:27.291,0.21706,0.21751,0.03,0.03
2013.11.05 13:05:27.897,0.21706,0.21751,0.03,0.03
2013.11.05 13:05:31.172,0.21704,0.21749,0.05,0.02
2013.11.05 13:05:31.918,0.21704,0.21748,0.05,0.02
2013.11.05 13:05:33.210,0.21703,0.21743,0.03,0.02
2013.11.05 13:05:33.329,0.21704,0.21743,0.02,0.02
2013.11.05 13:05:33.389,0.21699,0.21743,0.05,0.02
2013.11.05 13:05:33.629,0.21703,0.21745,0.02,0.03
2013.11.05 13:05:33.749,0.21705,0.21748,0.03,0.02
2013.11.05 13:05:33.869,0.21706,0.21751,0.03,0.03
2013.11.05 13:05:35.339,0.21704,0.21748,0.04,0.02
2013.11.05 13:05:36.320,0.21705,0.2175,0.03,0.03
2013.11.05 13:05:37.000,0.21706,0.21751,0.03,0.03
2013.11.05 13:05:37.119,0.21705,0.2175,0.03,0.03
2013.11.05 13:05:37.940,0.21705,0.2175,0.03,0.03
2013.11.05 13:05:38.619,0.21705,0.2175,0.03,0.03
2013.11.05 13:05:48.298,0.21705,0.2175,0.03,0.03
2013.11.05 13:05:48.847,0.21709,0.21751,0.02,0.03
2013.11.05 13:05:48.909,0.21709,0.21751,0.02,0.03
2013.11.05 13:05:51.959,0.21705,0.2175,0.03,0.02
2013.11.05 13:05:53.267,0.21706,0.21751,0.03,0.03
2013.11.05 13:05:59.849,0.21709,0.21754,0.05,0.03
2013.11.05 13:06:00.461,0.2171,0.21755,0.03,0.03
2013.11.05 13:06:01.151,0.2171,0.21755,0.03,0.03
2013.11.05 13:06:01.539,0.2171,0.21753,0.03,0.02
2013.11.05 13:06:02.598,0.21707,0.21752,0.03,0.03
2013.11.05 13:06:02.659,0.21707,0.21752,0.03,0.03
2013.11.05 13:06:02.729,0.21707,0.21752,0.03,0.03
2013.11.05 13:06:12.959,0.21709,0.21753,0.03,0.04
2013.11.05 13:06:16.040,0.21709,0.21753,0.03,0.04
2013.11.05 13:06:16.359,0.21709,0.21754,0.05,0.03
2013.11.05 13:06:17.138,0.2171,0.21755,0.03,0.03
2013.11.05 13:06:17.199,0.2171,0.21755,0.03,0.03
2013.11.05 13:06:17.800,0.2171,0.21755,0.03,0.03
2013.11.05 13:06:21.068,0.2171,0.21755,0.03,0.03
2013.11.05 13:06:22.199,0.2171,0.21755,0.03,0.03
2013.11.05 13:06:29.737,0.2171,0.21755,0.03,0.03
2013.11.05 13:06:31.879,0.2171,0.21755,0.03,0.03
2013.11.05 13:06:42.514,0.21711,0.21756,0.03,0.03
2013.11.05 13:06:43.738,0.21709,0.21754,0.05,0.03
2013.11.05 13:06:44.272,0.21709,0.21752,0.03,0.02
2013.11.05 13:06:45.234,0.21709,0.21752,0.03,0.03
2013.11.05 13:06:48.719,0.2171,0.21755,0.03,0.03
2013.11.05 13:06:53.679,0.2171,0.21755,0.03,0.03
2013.11.05 13:06:55.330,0.21709,0.21754,0.05,0.03
2013.11.05 13:06:55.529,0.2171,0.21753,0.03,0.02
2013.11.05 13:06:56.270,0.21709,0.21752,0.03,0.02
2013.11.05 13:07:01.998,0.21709,0.21752,0.03,0.03
2013.11.05 13:07:02.657,0.21709,0.21753,0.03,0.03
2013.11.05 13:07:03.659,0.21709,0.21752,0.03,0.02
2013.11.05 13:07:07.277,0.21709,0.21752,0.03,0.03
2013.11.05 13:07:11.789,0.21707,0.21752,0.03,0.03
2013.11.05 13:07:11.919,0.21704,0.21747,0.02,0.03
2013.11.05 13:07:12.509,0.21704,0.21748,0.04,0.02
2013.11.05 13:07:12.689,0.21705,0.2175,0.03,0.03
2013.11.05 13:07:13.250,0.21705,0.2175,0.03,0.03
2013.11.05 13:07:14.910,0.21704,0.21749,0.05,0.03
2013.11.05 13:07:31.127,0.21704,0.21749,0.05,0.03
2013.11.05 13:07:31.533,0.21708,0.21752,0.02,0.03
2013.11.05 13:07:32.159,0.2171,0.21755,0.03,0.03
2013.11.05 13:07:39.110,0.2171,0.21755,0.03,0.03
2013.11.05 13:07:39.290,0.2171,0.21755,0.03,0.03
2013.11.05 13:07:41.917,0.21714,0.21755,0.02,0.02
2013.11.05 13:07:42.611,0.21714,0.21756,0.02,0.03
2013.11.05 13:07:47.172,0.21713,0.21756,0.02,0.03
2013.11.05 13:07:47.231,0.21711,0.21756,0.03,0.03
2013.11.05 13:07:53.979,0.21709,0.21754,0.05,0.03
2013.11.05 13:07:55.429,0.21709,0.21754,0.04,0.03
2013.11.05 13:07:56.199,0.21706,0.21751,0.03,0.03
2013.11.05 13:07:58.159,0.21709,0.21753,0.02,0.03
2013.11.05 13:08:04.306,0.21709,0.21754,0.05,0.03
2013.11.05 13:08:09.940,0.21709,0.21754,0.05,0.03
2013.11.05 13:08:10.785,0.2171,0.21755,0.03,0.03
2013.11.05 13:08:13.033,0.2171,0.21755,0.03,0.03
2013.11.05 13:08:14.250,0.21709,0.21753,0.03,0.02
2013.11.05 13:08:14.369,0.21709,0.21753,0.03,0.04
2013.11.05 13:08:20.179,0.21709,0.21754,0.05,0.03
2013.11.05 13:08:21.391,0.21709,0.21754,0.05,0.03
2013.11.05 13:08:22.224,0.21709,0.21754,0.05,0.03
2013.11.05 13:08:26.190,0.21709,0.21754,0.04,0.03
2013.11.05 13:08:27.559,0.21709,0.21753,0.02,0.04
2013.11.05 13:08:30.749,0.21707,0.21752,0.03,0.03
2013.11.05 13:08:31.156,0.21707,0.21752,0.03,0.03
2013.11.05 13:08:31.739,0.21705,0.2175,0.03,0.02
2013.11.05 13:08:31.869,0.21705,0.2175,0.03,0.03
2013.11.05 13:08:33.071,0.21706,0.21751,0.03,0.03
2013.11.05 13:08:33.760,0.21706,0.21751,0.03,0.03
2013.11.05 13:08:34.869,0.21705,0.2175,0.03,0.03
2013.11.05 13:08:40.206,0.21707,0.21752,0.03,0.02
2013.11.05 13:08:40.820,0.2171,0.21755,0.03,0.03
2013.11.05 13:08:40.879,0.2171,0.21755,0.03,0.03
2013.11.05 13:08:46.704,0.21709,0.21752,0.03,0.02
2013.11.05 13:08:46.859,0.21709,0.21752,0.02,0.03
2013.11.05 13:08:49.162,0.21706,0.21751,0.03,0.03
2013.11.05 13:08:50.216,0.21706,0.21751,0.03,0.03
2013.11.05 13:08:51.889,0.21705,0.2175,0.03,0.03
2013.11.05 13:08:52.319,0.21706,0.21751,0.03,0.03
2013.11.05 13:08:52.909,0.21707,0.21752,0.03,0.03
2013.11.05 13:08:55.190,0.21704,0.21749,0.05,0.03
2013.11.05 13:08:55.935,0.21704,0.21747,0.03,0.02
2013.11.05 13:08:56.639,0.21704,0.21747,0.03,0.03
2013.11.05 13:08:56.829,0.21704,0.21748,0.03,0.03
2013.11.05 13:08:57.475,0.21704,0.21748,0.03,0.03
2013.11.05 13:08:58.091,0.21702,0.21747,0.03,0.02
2013.11.05 13:08:58.150,0.21702,0.21747,0.03,0.03
2013.11.05 13:08:58.629,0.21704,0.21749,0.05,0.02
2013.11.05 13:08:59.126,0.21705,0.2175,0.03,0.03
2013.11.05 13:08:59.960,0.21704,0.21748,0.03,0.02
2013.11.05 13:09:00.019,0.21704,0.21748,0.03,0.02
2013.11.05 13:09:00.079,0.21701,0.21746,0.03,0.02
2013.11.05 13:09:00.389,0.21702,0.21747,0.03,0.03
2013.11.05 13:09:01.875,0.21704,0.21747,0.02,0.03
2013.11.05 13:09:03.650,0.21704,0.21749,0.05,0.03
2013.11.05 13:09:04.799,0.217,0.21745,0.03,0.03
2013.11.05 13:09:05.070,0.21702,0.21746,0.02,0.03
2013.11.05 13:09:05.189,0.21704,0.21748,0.02,0.03
2013.11.05 13:09:05.835,0.21705,0.2175,0.03,0.03
2013.11.05 13:09:10.189,0.21705,0.2175,0.03,0.03
2013.11.05 13:09:15.239,0.21704,0.21749,0.04,0.03
2013.11.05 13:09:30.869,0.21705,0.2175,0.03,0.03
2013.11.05 13:09:32.605,0.21705,0.2175,0.03,0.03
2013.11.05 13:09:34.585,0.21705,0.2175,0.03,0.03
2013.11.05 13:09:40.350,0.21704,0.21749,0.04,0.03
2013.11.05 13:09:40.525,0.21704,0.21749,0.04,0.03
2013.11.05 13:09:45.117,0.21704,0.21749,0.05,0.03
2013.11.05 13:09:45.380,0.21705,0.2175,0.03,0.03
2013.11.05 13:09:53.325,0.21705,0.2175,0.03,0.03
2013.11.05 13:09:56.309,0.21705,0.2175,0.03,0.03
2013.11.05 13:09:58.621,0.21704,0.21749,0.04,0.03
2013.11.05 13:09:59.129,0.21704,0.21748,0.02,0.04
2013.11.05 13:09:59.290,0.21704,0.21748,0.02,0.04
2013.11.05 13:10:00.563,0.21703,0.21748,0.03,0.04
2013.11.05 13:10:00.870,0.217,0.21745,0.03,0.03
2013.11.05 13:10:01.885,0.217,0.21745,0.03,0.03
2013.11.05 13:10:02.059,0.21704,0.21748,0.05,0.02
2013.11.05 13:10:02.479,0.21704,0.21749,0.05,0.03
2013.11.05 13:10:10.305,0.21704,0.21748,0.02,0.04
2013.11.05 13:10:10.579,0.21703,0.21748,0.02,0.04
2013.11.05 13:10:10.644,0.217,0.21745,0.03,0.03
2013.11.05 13:10:10.700,0.217,0.21745,0.03,0.03
2013.11.05 13:10:11.055,0.217,0.21745,0.03,0.03
2013.11.05 13:10:11.110,0.217,0.21745,0.03,0.03
2013.11.05 13:10:13.111,0.21699,0.21743,0.02,0.03
2013.11.05 13:10:13.230,0.21696,0.21741,0.03,0.03
2013.11.05 13:10:13.289,0.21696,0.21741,0.03,0.03
2013.11.05 13:10:13.602,0.21704,0.21744,0.03,0.03
2013.11.05 13:10:13.659,0.21704,0.21747,0.03,0.03
2013.11.05 13:10:14.412,0.21703,0.21747,0.03,0.03
2013.11.05 13:10:14.540,0.21701,0.21746,0.03,0.03
2013.11.05 13:10:14.919,0.217,0.21745,0.03,0.03
2013.11.05 13:10:15.123,0.217,0.21743,0.03,0.02
2013.11.05 13:10:15.180,0.21699,0.21742,0.02,0.03
2013.11.05 13:10:15.620,0.21699,0.21744,0.04,0.03
2013.11.05 13:10:19.459,0.21699,0.21742,0.02,0.03
2013.11.05 13:10:20.870,0.21698,0.21742,0.02,0.03
2013.11.05 13:10:36.537,0.21697,0.21742,0.03,0.03
2013.11.05 13:10:36.659,0.21696,0.21741,0.03,0.03
2013.11.05 13:10:37.354,0.21695,0.2174,0.03,0.03
2013.11.05 13:10:37.649,0.21699,0.21743,0.02,0.04
2013.11.05 13:10:42.572,0.21696,0.21739,0.03,0.02
2013.11.05 13:10:42.690,0.21695,0.21739,0.03,0.02
2013.11.05 13:10:43.229,0.21694,0.21738,0.03,0.02
2013.11.05 13:10:43.421,0.21694,0.21738,0.03,0.02
2013.11.05 13:10:43.909,0.21692,0.21737,0.03,0.03
2013.11.05 13:10:51.139,0.21694,0.21738,0.04,0.02
2013.11.05 13:10:51.200,0.21699,0.21739,0.02,0.03
2013.11.05 13:10:51.260,0.21699,0.21743,0.02,0.04
2013.11.05 13:10:51.910,0.21695,0.2174,0.03,0.03
2013.11.05 13:10:53.809,0.21694,0.21738,0.02,0.04
2013.11.05 13:10:59.483,0.21694,0.21739,0.04,0.03
2013.11.05 13:10:59.970,0.21695,0.2174,0.03,0.03
2013.11.05 13:11:00.410,0.21695,0.2174,0.03,0.03
2013.11.05 13:11:02.893,0.21695,0.2174,0.03,0.03
2013.11.05 13:11:07.420,0.21695,0.2174,0.03,0.03
2013.11.05 13:11:11.254,0.21699,0.21741,0.02,0.02
2013.11.05 13:11:11.369,0.21703,0.21746,0.02,0.03
2013.11.05 13:11:11.490,0.21704,0.21747,0.02,0.03
2013.11.05 13:11:12.259,0.217,0.21745,0.03,0.02
2013.11.05 13:11:14.388,0.21702,0.21746,0.03,0.02
2013.11.05 13:11:14.769,0.21704,0.21746,0.02,0.02
2013.11.05 13:11:15.110,0.21704,0.21746,0.02,0.03
2013.11.05 13:11:20.659,0.21704,0.21749,0.05,0.03
2013.11.05 13:11:20.743,0.21704,0.21749,0.05,0.02
2013.11.05 13:11:21.511,0.21705,0.2175,0.03,0.03
2013.11.05 13:11:27.791,0.21705,0.2175,0.03,0.03
2013.11.05 13:11:29.061,0.21704,0.21749,0.05,0.02
2013.11.05 13:11:29.880,0.21706,0.2175,0.03,0.02
2013.11.05 13:11:30.000,0.21709,0.21754,0.05,0.03
2013.11.05 13:11:30.119,0.21709,0.21754,0.05,0.03
2013.11.05 13:11:30.760,0.21709,0.21752,0.02,0.02
2013.11.05 13:11:30.970,0.21709,0.21752,0.02,0.03
2013.11.05 13:11:37.900,0.21706,0.21751,0.03,0.02
2013.11.05 13:11:38.390,0.21709,0.21754,0.05,0.03
2013.11.05 13:11:38.978,0.21709,0.21754,0.05,0.02
2013.11.05 13:11:39.893,0.21709,0.21754,0.05,0.02
2013.11.05 13:11:39.950,0.21716,0.21761,0.03,0.03
2013.11.05 13:11:40.668,0.21714,0.21759,0.04,0.02
2013.11.05 13:11:44.953,0.21714,0.21759,0.04,0.03
2013.11.05 13:11:46.189,0.21714,0.21759,0.04,0.02
2013.11.05 13:11:53.711,0.21719,0.21759,0.03,0.02
2013.11.05 13:11:53.830,0.21719,0.21764,0.05,0.02
2013.11.05 13:11:58.270,0.21719,0.21764,0.05,0.02
2013.11.05 13:11:58.910,0.21719,0.21764,0.05,0.02
2013.11.05 13:11:59.509,0.21719,0.21764,0.05,0.03
2013.11.05 13:12:00.171,0.21719,0.21764,0.05,0.03
2013.11.05 13:12:01.260,0.21724,0.21766,0.02,0.03
2013.11.05 13:12:02.223,0.21724,0.21766,0.02,0.02
2013.11.05 13:12:02.280,0.21724,0.21768,0.03,0.03
2013.11.05 13:12:02.441,0.21724,0.21768,0.03,0.02
2013.11.05 13:12:02.650,0.21726,0.21771,0.03,0.03
2013.11.05 13:12:03.260,0.21724,0.21769,0.05,0.02
2013.11.05 13:12:04.191,0.21729,0.21769,0.02,0.02
2013.11.05 13:12:04.921,0.21729,0.21771,0.02,0.03
2013.11.05 13:12:06.858,0.21726,0.21771,0.03,0.03
2013.11.05 13:12:07.640,0.21724,0.21769,0.05,0.02
2013.11.05 13:12:08.060,0.21724,0.21767,0.03,0.02
2013.11.05 13:12:08.611,0.21724,0.21767,0.02,0.02
2013.11.05 13:12:10.600,0.21724,0.21767,0.02,0.03
2013.11.05 13:12:11.133,0.21722,0.21767,0.03,0.03
2013.11.05 13:12:11.950,0.21719,0.21764,0.05,0.03
2013.11.05 13:12:15.763,0.21719,0.21764,0.03,0.03
2013.11.05 13:12:15.910,0.21719,0.21762,0.02,0.02
2013.11.05 13:12:16.540,0.21717,0.21762,0.03,0.03
2013.11.05 13:12:17.089,0.21714,0.21759,0.05,0.02
2013.11.05 13:12:17.690,0.21714,0.21758,0.03,0.02
2013.11.05 13:12:17.750,0.21714,0.21757,0.02,0.02
2013.11.05 13:12:18.612,0.21714,0.21757,0.02,0.03
2013.11.05 13:12:19.620,0.21714,0.21758,0.02,0.04
2013.11.05 13:12:21.142,0.21714,0.21758,0.02,0.03
2013.11.05 13:12:24.050,0.21709,0.21754,0.05,0.02
2013.11.05 13:12:25.420,0.2171,0.21755,0.03,0.03
2013.11.05 13:12:32.252,0.21713,0.21756,0.02,0.03
2013.11.05 13:12:32.310,0.21711,0.21756,0.03,0.03
2013.11.05 13:12:38.202,0.21709,0.21754,0.05,0.03
2013.11.05 13:12:40.000,0.21709,0.21754,0.05,0.02
2013.11.05 13:12:43.381,0.21709,0.21754,0.04,0.03
2013.11.05 13:12:43.932,0.21709,0.21752,0.02,0.02
2013.11.05 13:12:44.590,0.21709,0.21751,0.02,0.02
2013.11.05 13:12:44.692,0.21709,0.21751,0.02,0.03
2013.11.05 13:12:45.201,0.21706,0.21751,0.03,0.03
2013.11.05 13:12:45.260,0.21706,0.21751,0.03,0.03
2013.11.05 13:12:45.740,0.21709,0.21753,0.03,0.03
2013.11.05 13:12:46.012,0.21709,0.21753,0.03,0.03
2013.11.05 13:12:46.865,0.21709,0.21752,0.02,0.02
2013.11.05 13:12:47.674,0.21707,0.21752,0.03,0.03
2013.11.05 13:12:49.320,0.21707,0.21752,0.03,0.03
2013.11.05 13:12:49.565,0.21707,0.21752,0.03,0.03
2013.11.05 13:12:49.690,0.21705,0.2175,0.03,0.03
2013.11.05 13:12:50.680,0.21706,0.21751,0.03,0.03
2013.11.05 13:12:50.800,0.21705,0.2175,0.03,0.03
2013.11.05 13:12:51.186,0.21709,0.2175,0.02,0.03
2013.11.05 13:12:51.292,0.21709,0.2175,0.02,0.02
2013.11.05 13:12:51.952,0.21709,0.21753,0.02,0.03
2013.11.05 13:12:53.760,0.21709,0.21754,0.05,0.03
2013.11.05 13:13:04.790,0.2171,0.21755,0.03,0.03
2013.11.05 13:13:05.380,0.2171,0.21755,0.03,0.02
2013.11.05 13:13:11.040,0.21714,0.21757,0.02,0.03
2013.11.05 13:13:14.070,0.21714,0.21758,0.02,0.02
2013.11.05 13:13:14.730,0.21714,0.21759,0.05,0.02
2013.11.05 13:13:19.567,0.21715,0.21759,0.02,0.02
2013.11.05 13:13:19.860,0.21719,0.21761,0.02,0.03
2013.11.05 13:13:21.260,0.21719,0.21764,0.05,0.02
2013.11.05 13:13:21.490,0.21719,0.21764,0.05,0.02
2013.11.05 13:13:25.580,0.21719,0.21764,0.04,0.03
2013.11.05 13:13:28.640,0.21719,0.21762,0.02,0.03
2013.11.05 13:13:30.420,0.21719,0.21763,0.03,0.03
2013.11.05 13:13:33.710,0.21719,0.21763,0.02,0.03
2013.11.05 13:13:37.441,0.21719,0.21763,0.03,0.03
2013.11.05 13:13:46.370,0.21719,0.21763,0.02,0.03
2013.11.05 13:13:49.330,0.21719,0.21763,0.02,0.03
2013.11.05 13:13:51.640,0.21719,0.21762,0.02,0.02
2013.11.05 13:13:52.251,0.21717,0.21762,0.03,0.03
2013.11.05 13:13:52.981,0.21714,0.21757,0.02,0.02
2013.11.05 13:13:53.544,0.21714,0.21757,0.02,0.03
2013.11.05 13:13:54.310,0.21713,0.21757,0.02,0.03
2013.11.05 13:13:59.960,0.21712,0.21757,0.03,0.03
2013.11.05 13:14:00.020,0.21712,0.21757,0.02,0.03
2013.11.05 13:14:00.583,0.21711,0.21756,0.03,0.03
2013.11.05 13:14:00.970,0.21711,0.21756,0.03,0.03
2013.11.05 13:14:01.521,0.21714,0.21757,0.02,0.03
2013.11.05 13:14:03.000,0.21715,0.2176,0.03,0.03
2013.11.05 13:14:04.601,0.21715,0.2176,0.03,0.03
2013.11.05 13:14:05.261,0.21715,0.2176,0.03,0.03
2013.11.05 13:14:09.973,0.21715,0.21758,0.03,0.02
2013.11.05 13:14:10.111,0.21711,0.21756,0.03,0.03
2013.11.05 13:14:10.727,0.21712,0.21757,0.03,0.03
2013.11.05 13:14:15.010,0.2171,0.21755,0.03,0.03
2013.11.05 13:14:16.003,0.2171,0.21755,0.03,0.03
2013.11.05 13:14:16.237,0.2171,0.21755,0.03,0.03
2013.11.05 13:14:16.410,0.21717,0.21762,0.03,0.03
2013.11.05 13:14:23.533,0.21717,0.21762,0.03,0.03
2013.11.05 13:14:23.751,0.21714,0.21758,0.04,0.03
2013.11.05 13:14:24.150,0.21711,0.21756,0.03,0.02
2013.11.05 13:14:24.671,0.21711,0.21756,0.03,0.03
2013.11.05 13:14:36.281,0.21714,0.21758,0.02,0.04
2013.11.05 13:14:36.673,0.21709,0.21754,0.05,0.03
2013.11.05 13:14:36.850,0.21709,0.21754,0.05,0.03
2013.11.05 13:14:37.112,0.21714,0.21756,0.02,0.03
2013.11.05 13:14:37.690,0.2171,0.21755,0.03,0.02
2013.11.05 13:14:37.880,0.21715,0.2176,0.03,0.03
2013.11.05 13:14:39.330,0.21715,0.2176,0.03,0.03
2013.11.05 13:14:40.117,0.21714,0.21758,0.02,0.02
2013.11.05 13:14:40.170,0.21714,0.21758,0.02,0.03
2013.11.05 13:14:41.742,0.21712,0.21757,0.03,0.03
2013.11.05 13:14:41.901,0.2171,0.21755,0.03,0.03
2013.11.05 13:14:42.296,0.2171,0.21755,0.03,0.03
2013.11.05 13:14:43.781,0.2171,0.21755,0.03,0.03
2013.11.05 13:14:44.920,0.2171,0.21755,0.03,0.03
2013.11.05 13:14:45.641,0.2171,0.21755,0.03,0.03
2013.11.05 13:14:45.955,0.21709,0.21753,0.03,0.02
2013.11.05 13:14:46.011,0.21705,0.21749,0.03,0.02
2013.11.05 13:14:46.550,0.21706,0.21751,0.03,0.03
2013.11.05 13:14:48.431,0.21706,0.21751,0.03,0.03
2013.11.05 13:14:48.570,0.21705,0.2175,0.03,0.03
2013.11.05 13:14:49.241,0.21705,0.2175,0.03,0.03
2013.11.05 13:14:49.460,0.21709,0.2175,0.02,0.02
2013.11.05 13:14:49.520,0.21709,0.21754,0.04,0.03
2013.11.05 13:14:51.838,0.21709,0.21754,0.04,0.03
2013.11.05 13:14:52.663,0.21714,0.21757,0.02,0.03
2013.11.05 13:14:53.711,0.21714,0.21757,0.03,0.03
2013.11.05 13:14:54.510,0.21714,0.21758,0.02,0.03
2013.11.05 13:14:54.731,0.21714,0.21758,0.03,0.03
2013.11.05 13:14:55.451,0.21714,0.21758,0.03,0.03
2013.11.05 13:14:55.700,0.21715,0.2176,0.03,0.03
2013.11.05 13:14:55.903,0.21717,0.21762,0.02,0.03
2013.11.05 13:14:56.652,0.21715,0.2176,0.03,0.03
2013.11.05 13:14:58.630,0.21715,0.2176,0.03,0.03
2013.11.05 13:14:59.110,0.21719,0.21763,0.02,0.03
2013.11.05 13:14:59.350,0.21717,0.21762,0.02,0.03
2013.11.05 13:14:59.866,0.21714,0.21759,0.05,0.03
2013.11.05 13:15:03.748,0.21716,0.2176,0.02,0.03
2013.11.05 13:15:03.930,0.21719,0.21762,0.02,0.03
2013.11.05 13:15:11.400,0.21719,0.21762,0.02,0.03
2013.11.05 13:15:14.471,0.21719,0.21763,0.03,0.03
2013.11.05 13:15:20.991,0.21724,0.21766,0.02,0.02
2013.11.05 13:15:22.739,0.21721,0.21766,0.03,0.02
2013.11.05 13:15:22.800,0.21724,0.21768,0.03,0.02
2013.11.05 13:15:23.210,0.21724,0.21768,0.02,0.03
2013.11.05 13:15:23.621,0.21723,0.21767,0.02,0.03
2013.11.05 13:15:25.980,0.21724,0.21768,0.03,0.03
2013.11.05 13:15:26.980,0.21721,0.21766,0.02,0.03
2013.11.05 13:15:29.122,0.21719,0.21764,0.05,0.03
2013.11.05 13:15:32.760,0.21724,0.21766,0.02,0.03
2013.11.05 13:15:34.544,0.21724,0.21764,0.02,0.02
2013.11.05 13:15:39.250,0.21719,0.21764,0.05,0.03
2013.11.05 13:15:39.461,0.21719,0.21763,0.03,0.02
2013.11.05 13:15:40.321,0.21714,0.21759,0.05,0.02
2013.11.05 13:15:42.163,0.21714,0.21759,0.04,0.03
2013.11.05 13:15:42.220,0.21714,0.21759,0.04,0.03
2013.11.05 13:15:43.007,0.21714,0.21759,0.04,0.03
2013.11.05 13:15:43.190,0.21714,0.21757,0.02,0.02
2013.11.05 13:15:43.250,0.21714,0.21757,0.02,0.03
2013.11.05 13:15:44.090,0.21712,0.21757,0.03,0.03
2013.11.05 13:15:44.330,0.21715,0.2176,0.03,0.03
2013.11.05 13:15:44.800,0.21715,0.2176,0.03,0.03
2013.11.05 13:15:45.093,0.21715,0.2176,0.03,0.03
2013.11.05 13:15:51.551,0.21715,0.2176,0.03,0.03
2013.11.05 13:15:51.680,0.21716,0.21761,0.03,0.03
2013.11.05 13:15:52.990,0.21719,0.21761,0.02,0.03
2013.11.05 13:15:53.050,0.21719,0.21764,0.04,0.03
2013.11.05 13:15:53.580,0.21719,0.21763,0.03,0.02
2013.11.05 13:15:53.700,0.21718,0.21762,0.02,0.03
2013.11.05 13:15:54.692,0.21717,0.21762,0.03,0.03
2013.11.05 13:15:54.810,0.21715,0.2176,0.03,0.03
2013.11.05 13:15:56.891,0.21715,0.2176,0.03,0.03
2013.11.05 13:16:00.200,0.21714,0.21758,0.02,0.03
2013.11.05 13:16:04.480,0.21714,0.21758,0.02,0.03
2013.11.05 13:16:05.460,0.21715,0.2176,0.03,0.02
2013.11.05 13:16:06.996,0.21716,0.21761,0.03,0.03
2013.11.05 13:16:12.830,0.21719,0.21764,0.03,0.03
2013.11.05 13:16:16.989,0.21719,0.21764,0.04,0.03
2013.11.05 13:16:26.339,0.21719,0.21764,0.04,0.03
2013.11.05 13:16:31.743,0.21719,0.21764,0.05,0.03
2013.11.05 13:16:32.840,0.21719,0.21764,0.05,0.03
2013.11.05 13:17:05.828,0.21719,0.21762,0.03,0.03
2013.11.05 13:17:13.020,0.21717,0.21762,0.03,0.03
2013.11.05 13:17:13.391,0.21716,0.21761,0.03,0.03
2013.11.05 13:17:13.526,0.21716,0.21761,0.03,0.03
2013.11.05 13:17:18.277,0.21714,0.21759,0.05,0.03
2013.11.05 13:17:18.390,0.21715,0.2176,0.03,0.03
2013.11.05 13:17:20.568,0.21714,0.21759,0.04,0.03
2013.11.05 13:17:20.620,0.21712,0.21757,0.03,0.03
2013.11.05 13:17:20.810,0.2171,0.21755,0.03,0.03
2013.11.05 13:17:21.280,0.2171,0.21755,0.03,0.03
2013.11.05 13:17:22.936,0.2171,0.21755,0.03,0.03
2013.11.05 13:17:23.460,0.21709,0.21754,0.05,0.03
2013.11.05 13:17:26.740,0.2171,0.21755,0.03,0.03
2013.11.05 13:17:30.192,0.21709,0.21754,0.05,0.03
2013.11.05 13:17:30.644,0.21709,0.21754,0.03,0.03
2013.11.05 13:17:30.840,0.21705,0.2175,0.03,0.03
2013.11.05 13:17:31.451,0.21705,0.2175,0.03,0.02
2013.11.05 13:17:32.054,0.21706,0.21751,0.03,0.03
2013.11.05 13:17:33.360,0.21706,0.21751,0.03,0.03
2013.11.05 13:17:35.333,0.21709,0.21751,0.02,0.03
2013.11.05 13:17:35.451,0.21709,0.21753,0.02,0.05
2013.11.05 13:17:36.943,0.21708,0.21753,0.03,0.05
2013.11.05 13:17:37.000,0.21708,0.21753,0.02,0.05
2013.11.05 13:17:37.221,0.21706,0.21751,0.03,0.03
2013.11.05 13:17:38.355,0.21706,0.21751,0.03,0.03
2013.11.05 13:17:38.410,0.21706,0.21751,0.03,0.03
2013.11.05 13:17:38.966,0.21707,0.21752,0.03,0.03
2013.11.05 13:17:44.872,0.21706,0.21751,0.03,0.03
2013.11.05 13:17:47.360,0.21705,0.2175,0.03,0.03
2013.11.05 13:17:47.977,0.21706,0.21751,0.03,0.03
2013.11.05 13:17:49.060,0.21706,0.21751,0.03,0.03
2013.11.05 13:17:50.628,0.21705,0.2175,0.03,0.03
2013.11.05 13:17:51.860,0.21707,0.21752,0.03,0.03
2013.11.05 13:17:53.257,0.21708,0.21753,0.03,0.05
2013.11.05 13:17:53.310,0.21708,0.21753,0.03,0.05
2013.11.05 13:17:55.260,0.21707,0.21752,0.03,0.03
2013.11.05 13:17:55.320,0.21707,0.21752,0.03,0.03
2013.11.05 13:17:55.550,0.21707,0.21752,0.03,0.03
2013.11.05 13:17:55.610,0.21707,0.21752,0.03,0.03
2013.11.05 13:18:07.380,0.21709,0.21754,0.05,0.03
2013.11.05 13:18:07.690,0.21714,0.21754,0.03,0.02
2013.11.05 13:18:07.811,0.21715,0.2176,0.03,0.03
2013.11.05 13:18:08.130,0.21715,0.2176,0.03,0.03
2013.11.05 13:18:10.880,0.21716,0.21761,0.03,0.03
2013.11.05 13:18:11.404,0.21719,0.21764,0.04,0.03
2013.11.05 13:18:12.081,0.21719,0.21763,0.02,0.03
2013.11.05 13:18:20.757,0.21719,0.21764,0.04,0.03
2013.11.05 13:18:20.810,0.21715,0.2176,0.03,0.03
2013.11.05 13:18:21.540,0.21714,0.21758,0.03,0.03
2013.11.05 13:18:23.174,0.21713,0.21758,0.03,0.04
2013.11.05 13:18:23.539,0.21712,0.21757,0.03,0.03
2013.11.05 13:18:29.011,0.21708,0.21753,0.02,0.05
2013.11.05 13:18:29.071,0.21706,0.21751,0.03,0.03
2013.11.05 13:18:29.447,0.21706,0.21751,0.03,0.03
2013.11.05 13:18:30.701,0.21705,0.21748,0.03,0.02
2013.11.05 13:18:31.670,0.21706,0.21751,0.02,0.03
2013.11.05 13:18:33.301,0.21706,0.21751,0.03,0.03
2013.11.05 13:18:37.781,0.21711,0.21756,0.02,0.03
2013.11.05 13:18:38.319,0.21712,0.21757,0.02,0.03
2013.11.05 13:18:44.662,0.21714,0.21757,0.02,0.03
2013.11.05 13:18:45.344,0.21714,0.21758,0.02,0.04
2013.11.05 13:18:52.332,0.21713,0.21758,0.02,0.04
2013.11.05 13:18:52.671,0.21709,0.21753,0.05,0.02
2013.11.05 13:18:53.690,0.21705,0.2175,0.03,0.03
2013.11.05 13:19:02.160,0.21704,0.21748,0.05,0.02
2013.11.05 13:19:13.075,0.21709,0.21749,0.03,0.03
2013.11.05 13:19:13.190,0.21709,0.2175,0.03,0.03
2013.11.05 13:19:17.441,0.21709,0.21754,0.05,0.03
2013.11.05 13:19:18.191,0.2171,0.21755,0.03,0.03
2013.11.05 13:19:21.621,0.21714,0.21756,0.02,0.03
2013.11.05 13:19:21.821,0.21714,0.21758,0.02,0.03
2013.11.05 13:19:22.100,0.21714,0.21759,0.04,0.03
2013.11.05 13:19:25.700,0.21714,0.21759,0.04,0.03
2013.11.05 13:19:28.671,0.21712,0.21757,0.03,0.03
2013.11.05 13:19:29.620,0.21712,0.21757,0.03,0.03
2013.11.05 13:19:29.681,0.2171,0.21755,0.03,0.03
2013.11.05 13:19:40.011,0.21709,0.21753,0.03,0.04
2013.11.05 13:19:43.431,0.2171,0.21755,0.03,0.03
2013.11.05 13:19:45.865,0.2171,0.21755,0.03,0.03
2013.11.05 13:19:45.921,0.2171,0.21755,0.03,0.03
2013.11.05 13:19:48.396,0.21711,0.21756,0.03,0.02
2013.11.05 13:19:48.461,0.21715,0.2176,0.03,0.03
2013.11.05 13:19:49.306,0.21715,0.2176,0.03,0.03
2013.11.05 13:19:52.385,0.21715,0.2176,0.03,0.03
2013.11.05 13:19:52.881,0.21719,0.21762,0.02,0.02
2013.11.05 13:19:53.266,0.21719,0.21762,0.02,0.03
2013.11.05 13:19:53.320,0.21717,0.21762,0.02,0.03
2013.11.05 13:19:53.861,0.21714,0.21759,0.05,0.03
2013.11.05 13:19:54.806,0.21714,0.21759,0.05,0.02
2013.11.05 13:19:59.466,0.21719,0.21759,0.02,0.02
2013.11.05 13:19:59.866,0.21719,0.21762,0.02,0.03
2013.11.05 13:20:00.461,0.21719,0.21764,0.03,0.03
2013.11.05 13:20:01.120,0.21719,0.21764,0.05,0.03
2013.11.05 13:20:01.241,0.21716,0.21761,0.03,0.02
2013.11.05 13:20:01.421,0.21714,0.21759,0.05,0.02
2013.11.05 13:20:01.736,0.21714,0.21759,0.05,0.03
2013.11.05 13:20:02.740,0.21714,0.21757,0.02,0.03
2013.11.05 13:20:04.391,0.21713,0.21757,0.02,0.03
2013.11.05 13:20:05.671,0.2171,0.21755,0.03,0.03
2013.11.05 13:20:05.730,0.2171,0.21755,0.03,0.03
2013.11.05 13:20:17.212,0.21711,0.21755,0.02,0.03
2013.11.05 13:20:17.271,0.21714,0.21757,0.02,0.03
2013.11.05 13:20:18.032,0.21712,0.21757,0.03,0.03
2013.11.05 13:20:18.151,0.21712,0.21757,0.02,0.03
2013.11.05 13:20:18.759,0.21709,0.21754,0.05,0.03
2013.11.05 13:20:19.547,0.21709,0.21754,0.05,0.03
2013.11.05 13:20:20.581,0.21711,0.21756,0.03,0.03
2013.11.05 13:20:21.335,0.21709,0.21754,0.05,0.03
2013.11.05 13:20:28.850,0.21709,0.21754,0.05,0.03
2013.11.05 13:20:37.506,0.21711,0.21756,0.03,0.03
2013.11.05 13:20:38.176,0.2171,0.21755,0.03,0.02
2013.11.05 13:20:38.361,0.21715,0.2176,0.03,0.03
2013.11.05 13:20:40.384,0.21715,0.2176,0.03,0.03
2013.11.05 13:20:42.795,0.21715,0.2176,0.03,0.03
2013.11.05 13:20:44.335,0.21715,0.2176,0.03,0.03
2013.11.05 13:20:53.360,0.21714,0.21759,0.05,0.03
2013.11.05 13:20:54.211,0.21719,0.21761,0.03,0.03
2013.11.05 13:20:54.270,0.21719,0.21761,0.03,0.03
2013.11.05 13:20:54.461,0.21717,0.21762,0.03,0.03
2013.11.05 13:20:54.521,0.21714,0.21759,0.05,0.02
2013.11.05 13:21:03.391,0.21714,0.21759,0.05,0.03
2013.11.05 13:21:05.261,0.21714,0.21757,0.03,0.03
2013.11.05 13:21:06.051,0.21714,0.21757,0.03,0.03
2013.11.05 13:21:09.511,0.21711,0.21756,0.03,0.02
2013.11.05 13:21:09.571,0.21711,0.21756,0.03,0.03
2013.11.05 13:21:09.959,0.2171,0.21755,0.03,0.03
2013.11.05 13:21:10.081,0.21713,0.21758,0.03,0.03
2013.11.05 13:21:10.151,0.21709,0.21754,0.05,0.02
2013.11.05 13:21:12.320,0.21709,0.21753,0.03,0.02
2013.11.05 13:21:12.910,0.21709,0.21754,0.05,0.03
2013.11.05 13:21:13.442,0.21709,0.21753,0.03,0.02
2013.11.05 13:21:13.951,0.21709,0.21752,0.03,0.03
2013.11.05 13:21:14.071,0.21709,0.21754,0.05,0.03
2013.11.05 13:21:14.602,0.2171,0.21755,0.03,0.03
2013.11.05 13:21:15.121,0.21709,0.21754,0.05,0.03
2013.11.05 13:21:15.181,0.21709,0.21754,0.05,0.03
2013.11.05 13:21:18.111,0.2171,0.21755,0.03,0.03
2013.11.05 13:21:22.660,0.21711,0.21756,0.03,0.03
2013.11.05 13:21:56.431,0.21708,0.21753,0.02,0.03
2013.11.05 13:21:56.491,0.21709,0.21753,0.02,0.03
2013.11.05 13:22:02.681,0.2171,0.21755,0.03,0.03
2013.11.05 13:22:18.953,0.21709,0.21754,0.04,0.03
2013.11.05 13:22:25.062,0.21707,0.21752,0.03,0.03
2013.11.05 13:22:25.399,0.21706,0.21751,0.02,0.03
2013.11.05 13:22:25.721,0.21706,0.21751,0.03,0.03
2013.11.05 13:22:26.653,0.21709,0.21751,0.02,0.03
2013.11.05 13:22:32.373,0.21709,0.21752,0.02,0.03
2013.11.05 13:22:32.651,0.21707,0.21752,0.03,0.03
2013.11.05 13:22:33.151,0.21705,0.2175,0.03,0.03
2013.11.05 13:22:34.024,0.21705,0.2175,0.03,0.03
2013.11.05 13:22:36.203,0.21705,0.2175,0.03,0.02
2013.11.05 13:22:36.709,0.21709,0.21753,0.02,0.04
2013.11.05 13:22:38.293,0.21709,0.21753,0.02,0.04
2013.11.05 13:22:41.460,0.21708,0.21753,0.03,0.04
2013.11.05 13:22:41.621,0.21708,0.21753,0.02,0.04
2013.11.05 13:22:41.843,0.21705,0.2175,0.03,0.03
2013.11.05 13:22:43.905,0.21705,0.2175,0.03,0.03
2013.11.05 13:22:44.208,0.21706,0.21751,0.03,0.03
2013.11.05 13:22:44.261,0.21705,0.2175,0.03,0.03
2013.11.05 13:22:47.813,0.21706,0.21748,0.02,0.02
2013.11.05 13:22:53.832,0.21706,0.21751,0.03,0.03
2013.11.05 13:22:56.431,0.21706,0.21751,0.03,0.03
2013.11.05 13:22:56.988,0.21704,0.21749,0.05,0.03
2013.11.05 13:22:57.712,0.21704,0.21748,0.03,0.03
2013.11.05 13:22:59.936,0.21705,0.2175,0.03,0.03
2013.11.05 13:23:00.101,0.21705,0.2175,0.03,0.03
2013.11.05 13:23:02.273,0.21705,0.2175,0.03,0.03
2013.11.05 13:23:02.823,0.21705,0.21748,0.02,0.03
2013.11.05 13:23:03.190,0.217,0.21745,0.03,0.03
2013.11.05 13:23:03.711,0.217,0.21745,0.03,0.03
2013.11.05 13:23:04.173,0.21703,0.21748,0.02,0.05
2013.11.05 13:23:04.291,0.21704,0.21748,0.03,0.05
2013.11.05 13:23:04.811,0.21702,0.21747,0.03,0.03
2013.11.05 13:23:06.013,0.217,0.21745,0.03,0.02
2013.11.05 13:23:06.071,0.21705,0.2175,0.03,0.03
2013.11.05 13:23:06.581,0.21706,0.21751,0.03,0.03
2013.11.05 13:23:09.067,0.21706,0.21748,0.03,0.02
2013.11.05 13:23:09.311,0.21702,0.21747,0.03,0.03
2013.11.05 13:23:17.452,0.217,0.21745,0.03,0.03
2013.11.05 13:23:21.946,0.217,0.21745,0.03,0.03
2013.11.05 13:23:22.501,0.21701,0.21746,0.03,0.03
2013.11.05 13:23:26.382,0.217,0.21745,0.03,0.03
2013.11.05 13:23:28.532,0.21704,0.21748,0.02,0.03
2013.11.05 13:23:29.191,0.21705,0.2175,0.03,0.03
2013.11.05 13:23:30.125,0.21705,0.2175,0.03,0.03
2013.11.05 13:23:30.811,0.21708,0.21753,0.03,0.03
2013.11.05 13:23:34.983,0.21708,0.21753,0.03,0.03
2013.11.05 13:23:35.511,0.21705,0.2175,0.03,0.03
2013.11.05 13:23:39.751,0.21705,0.2175,0.03,0.03
2013.11.05 13:23:43.632,0.21705,0.2175,0.03,0.03
2013.11.05 13:23:43.846,0.21705,0.2175,0.03,0.03
2013.11.05 13:23:49.102,0.21705,0.2175,0.03,0.03
2013.11.05 13:24:04.631,0.21707,0.21752,0.02,0.03
2013.11.05 13:24:05.171,0.21705,0.2175,0.03,0.03
2013.11.05 13:24:41.171,0.21705,0.2175,0.03,0.03
2013.11.05 13:24:41.291,0.21706,0.21751,0.03,0.03
2013.11.05 13:24:42.391,0.21706,0.21751,0.03,0.03
2013.11.05 13:24:56.411,0.21703,0.21748,0.03,0.04
2013.11.05 13:24:56.592,0.217,0.21745,0.03,0.03
2013.11.05 13:24:56.880,0.21704,0.21745,0.02,0.03
2013.11.05 13:24:56.941,0.21704,0.21748,0.02,0.04
2013.11.05 13:24:57.311,0.21702,0.21747,0.02,0.03
2013.11.05 13:24:57.371,0.217,0.21745,0.03,0.02
2013.11.05 13:24:58.017,0.21701,0.21746,0.03,0.03
2013.11.05 13:24:58.750,0.21701,0.21746,0.03,0.03
2013.11.05 13:24:59.084,0.21699,0.21743,0.03,0.05
2013.11.05 13:24:59.725,0.21699,0.21742,0.03,0.02
2013.11.05 13:25:00.158,0.21697,0.21738,0.03,0.02
2013.11.05 13:25:00.271,0.21696,0.21741,0.03,0.03
2013.11.05 13:25:00.453,0.21697,0.21742,0.03,0.03
2013.11.05 13:25:00.781,0.21691,0.21736,0.03,0.02
2013.11.05 13:25:00.841,0.21696,0.21741,0.03,0.03
2013.11.05 13:25:00.901,0.21699,0.21741,0.03,0.03
2013.11.05 13:25:01.021,0.21699,0.21743,0.03,0.05
2013.11.05 13:25:01.201,0.21704,0.21743,0.03,0.03
2013.11.05 13:25:01.261,0.21704,0.21745,0.03,0.02
2013.11.05 13:25:01.381,0.21704,0.21747,0.03,0.03
2013.11.05 13:25:01.892,0.21704,0.21746,0.02,0.02
2013.11.05 13:25:04.131,0.21704,0.21747,0.03,0.03
2013.11.05 13:25:04.772,0.21704,0.21748,0.03,0.03
2013.11.05 13:25:04.891,0.21704,0.21748,0.03,0.03
2013.11.05 13:25:05.691,0.21709,0.21752,0.03,0.03
2013.11.05 13:25:05.972,0.21707,0.21752,0.03,0.03
2013.11.05 13:25:06.624,0.21704,0.21749,0.05,0.02
2013.11.05 13:25:07.843,0.21705,0.2175,0.03,0.03
2013.11.05 13:25:08.401,0.21705,0.2175,0.03,0.03
2013.11.05 13:25:15.601,0.21704,0.21748,0.02,0.05
2013.11.05 13:25:15.781,0.217,0.21745,0.03,0.03
2013.11.05 13:25:16.101,0.217,0.21745,0.03,0.03
2013.11.05 13:25:16.471,0.21699,0.21743,0.03,0.03
2013.11.05 13:25:17.891,0.217,0.21745,0.03,0.03
2013.11.05 13:25:21.861,0.21699,0.21743,0.03,0.02
2013.11.05 13:25:22.191,0.21697,0.21742,0.02,0.03
2013.11.05 13:25:22.371,0.21697,0.21742,0.02,0.03
2013.11.05 13:25:22.641,0.21697,0.21742,0.03,0.03
2013.11.05 13:25:25.871,0.21697,0.21742,0.03,0.03
2013.11.05 13:25:25.931,0.21695,0.2174,0.03,0.03
2013.11.05 13:25:26.483,0.21695,0.2174,0.03,0.03
2013.11.05 13:25:26.821,0.21698,0.21743,0.03,0.04
2013.11.05 13:25:27.921,0.21699,0.21743,0.02,0.04
2013.11.05 13:25:28.082,0.21695,0.2174,0.03,0.02
2013.11.05 13:25:28.641,0.21695,0.2174,0.03,0.03
2013.11.05 13:25:30.101,0.21699,0.21741,0.02,0.03
2013.11.05 13:25:30.401,0.21698,0.21743,0.03,0.04
2013.11.05 13:25:30.781,0.21696,0.2174,0.03,0.03
2013.11.05 13:25:33.261,0.21696,0.2174,0.03,0.03
2013.11.05 13:25:36.822,0.21697,0.21742,0.02,0.03
2013.11.05 13:25:36.881,0.21697,0.21742,0.03,0.03
2013.11.05 13:25:38.532,0.21699,0.21743,0.02,0.03
2013.11.05 13:25:38.761,0.21699,0.21744,0.05,0.03
2013.11.05 13:25:39.278,0.217,0.21745,0.03,0.03
2013.11.05 13:25:45.341,0.21698,0.21741,0.02,0.03
2013.11.05 13:25:45.401,0.21696,0.21741,0.03,0.03
2013.11.05 13:25:45.532,0.21695,0.2174,0.03,0.03
2013.11.05 13:25:48.334,0.21699,0.21741,0.02,0.03
2013.11.05 13:25:50.961,0.217,0.21745,0.03,0.03
2013.11.05 13:25:54.236,0.217,0.21745,0.03,0.03
2013.11.05 13:25:59.820,0.21699,0.21743,0.03,0.02
2013.11.05 13:26:00.221,0.21697,0.21742,0.03,0.03
2013.11.05 13:26:00.281,0.21694,0.21739,0.05,0.02
2013.11.05 13:26:00.401,0.21694,0.21738,0.05,0.02
2013.11.05 13:26:24.942,0.21694,0.21738,0.03,0.04
2013.11.05 13:26:28.891,0.21699,0.21738,0.02,0.03
2013.11.05 13:26:29.012,0.21698,0.21743,0.02,0.04
2013.11.05 13:26:29.083,0.21696,0.21741,0.03,0.03
2013.11.05 13:26:29.650,0.21696,0.21741,0.03,0.03
2013.11.05 13:26:30.451,0.21694,0.21738,0.05,0.02
2013.11.05 13:26:43.729,0.21694,0.21739,0.04,0.03
2013.11.05 13:26:43.791,0.2169,0.21735,0.03,0.03
2013.11.05 13:26:44.351,0.21694,0.21736,0.02,0.03
2013.11.05 13:26:44.651,0.21695,0.2174,0.03,0.03
2013.11.05 13:26:45.049,0.21696,0.21738,0.02,0.02
2013.11.05 13:26:47.951,0.21695,0.2174,0.03,0.03
2013.11.05 13:26:48.470,0.21695,0.21738,0.03,0.02
2013.11.05 13:26:48.909,0.21695,0.21738,0.03,0.02
2013.11.05 13:26:51.331,0.21695,0.2174,0.03,0.03
2013.11.05 13:26:51.571,0.21696,0.21741,0.02,0.03
2013.11.05 13:26:52.981,0.21696,0.21741,0.03,0.03
2013.11.05 13:26:55.409,0.21696,0.21741,0.03,0.03
2013.11.05 13:26:55.814,0.21696,0.21738,0.02,0.02
2013.11.05 13:26:56.371,0.21691,0.21736,0.03,0.03
2013.11.05 13:26:58.411,0.21691,0.21736,0.03,0.03
2013.11.05 13:27:01.182,0.2169,0.21733,0.03,0.02
2013.11.05 13:27:01.982,0.21687,0.21731,0.02,0.03
2013.11.05 13:27:02.851,0.21689,0.21733,0.04,0.02
2013.11.05 13:27:05.689,0.21689,0.21733,0.03,0.02
2013.11.05 13:27:05.751,0.21687,0.21732,0.03,0.03
2013.11.05 13:27:06.151,0.21687,0.21732,0.03,0.03
2013.11.05 13:27:06.350,0.21689,0.21733,0.05,0.02
2013.11.05 13:27:07.105,0.21691,0.21736,0.02,0.03
2013.11.05 13:27:10.242,0.2169,0.21733,0.03,0.02
2013.11.05 13:27:11.151,0.21691,0.21733,0.03,0.03
2013.11.05 13:27:11.821,0.21687,0.21732,0.03,0.03
2013.11.05 13:27:11.999,0.21687,0.21732,0.03,0.03
2013.11.05 13:27:12.766,0.21685,0.21728,0.03,0.02
2013.11.05 13:27:13.229,0.21685,0.2173,0.03,0.03
2013.11.05 13:27:13.292,0.21687,0.21732,0.03,0.03
2013.11.05 13:27:36.589,0.21689,0.21732,0.02,0.02
2013.11.05 13:27:37.143,0.21689,0.21733,0.03,0.03
2013.11.05 13:27:37.621,0.21688,0.21733,0.03,0.03
2013.11.05 13:27:38.471,0.21684,0.21728,0.03,0.02
2013.11.05 13:27:42.511,0.21685,0.2173,0.03,0.03
2013.11.05 13:27:44.400,0.21685,0.2173,0.03,0.03
2013.11.05 13:27:50.383,0.21684,0.21728,0.05,0.02
2013.11.05 13:27:50.892,0.21685,0.21728,0.03,0.02
2013.11.05 13:27:51.425,0.21685,0.2173,0.03,0.03
2013.11.05 13:27:56.508,0.21686,0.21731,0.03,0.02
2013.11.05 13:27:56.561,0.21689,0.21733,0.03,0.02
2013.11.05 13:27:57.551,0.2169,0.21735,0.03,0.03
2013.11.05 13:28:04.969,0.2169,0.21735,0.03,0.02
2013.11.05 13:28:05.154,0.21694,0.21739,0.04,0.03
2013.11.05 13:28:05.781,0.21694,0.21739,0.05,0.03
2013.11.05 13:28:08.652,0.21694,0.21737,0.02,0.02
2013.11.05 13:28:11.412,0.21694,0.21737,0.02,0.03
2013.11.05 13:28:19.781,0.21692,0.21737,0.03,0.03
2013.11.05 13:28:20.408,0.21692,0.21737,0.03,0.03
2013.11.05 13:29:04.578,0.21694,0.21738,0.03,0.04
2013.11.05 13:29:05.032,0.21699,0.21742,0.02,0.03
2013.11.05 13:29:06.052,0.21697,0.21742,0.03,0.03
2013.11.05 13:29:07.381,0.21694,0.21738,0.02,0.03
2013.11.05 13:29:21.897,0.21695,0.2174,0.03,0.03
2013.11.05 13:29:30.367,0.21692,0.21737,0.03,0.03
2013.11.05 13:29:30.849,0.21689,0.21734,0.05,0.03
2013.11.05 13:29:35.317,0.21689,0.21734,0.05,0.03
2013.11.05 13:29:37.461,0.21689,0.21734,0.05,0.03
2013.11.05 13:29:38.083,0.21694,0.21738,0.02,0.04
2013.11.05 13:29:39.531,0.21694,0.21738,0.02,0.03
2013.11.05 13:29:40.147,0.21697,0.21742,0.03,0.03
2013.11.05 13:29:44.787,0.21699,0.21742,0.02,0.03
2013.11.05 13:29:45.361,0.21699,0.21744,0.03,0.03
2013.11.05 13:29:46.778,0.21699,0.21743,0.03,0.02
2013.11.05 13:29:47.569,0.21699,0.21743,0.03,0.03
2013.11.05 13:29:54.263,0.21701,0.21746,0.02,0.03
2013.11.05 13:29:54.321,0.21704,0.21746,0.02,0.03
2013.11.05 13:29:54.961,0.21704,0.21748,0.03,0.03
2013.11.05 13:29:55.487,0.21704,0.21747,0.02,0.03
2013.11.05 13:29:59.162,0.21704,0.21748,0.02,0.03
2013.11.05 13:29:59.697,0.21705,0.2175,0.03,0.03
2013.11.05 13:30:01.456,0.21704,0.21748,0.02,0.03
2013.11.05 13:30:04.646,0.21704,0.21749,0.05,0.03
2013.11.05 13:30:04.968,0.21709,0.21751,0.02,0.03
2013.11.05 13:30:12.756,0.21707,0.21752,0.03,0.03
2013.11.05 13:30:12.812,0.21707,0.21752,0.02,0.03
2013.11.05 13:30:13.482,0.21704,0.21749,0.05,0.03
2013.11.05 13:30:17.956,0.21705,0.2175,0.03,0.03
2013.11.05 13:30:18.012,0.21709,0.2175,0.03,0.03
2013.11.05 13:30:18.622,0.21709,0.21753,0.05,0.03
2013.11.05 13:30:22.257,0.21709,0.21754,0.05,0.03
2013.11.05 13:30:23.381,0.21709,0.21754,0.04,0.03
2013.11.05 13:30:23.501,0.21711,0.21756,0.03,0.03
2013.11.05 13:30:24.585,0.21711,0.21753,0.03,0.02
2013.11.05 13:30:25.024,0.21714,0.21756,0.02,0.03
2013.11.05 13:30:25.812,0.21714,0.21756,0.02,0.03
2013.11.05 13:30:26.254,0.2171,0.21753,0.03,0.02
2013.11.05 13:30:29.646,0.2171,0.21754,0.03,0.03
2013.11.05 13:30:31.023,0.21708,0.21752,0.02,0.03
2013.11.05 13:30:31.128,0.21707,0.21752,0.03,0.03
2013.11.05 13:30:31.313,0.21704,0.21749,0.05,0.03
2013.11.05 13:30:31.456,0.21704,0.21749,0.05,0.03
2013.11.05 13:30:32.116,0.21704,0.21749,0.05,0.03
2013.11.05 13:30:35.030,0.21709,0.21749,0.02,0.03
2013.11.05 13:30:37.066,0.21707,0.21752,0.03,0.03
2013.11.05 13:30:37.443,0.21704,0.21749,0.05,0.03
2013.11.05 13:30:48.725,0.21707,0.21752,0.03,0.03
2013.11.05 13:30:51.993,0.21704,0.21749,0.05,0.03
2013.11.05 13:31:04.056,0.21704,0.21749,0.05,0.03
2013.11.05 13:31:08.658,0.21702,0.21743,0.03,0.02
2013.11.05 13:31:08.712,0.21699,0.21742,0.02,0.03
2013.11.05 13:31:09.243,0.21699,0.21742,0.02,0.03
2013.11.05 13:31:11.781,0.21699,0.21742,0.02,0.03
2013.11.05 13:31:13.102,0.21699,0.21742,0.02,0.03
2013.11.05 13:31:13.168,0.21697,0.21742,0.02,0.03
2013.11.05 13:31:13.676,0.21695,0.2174,0.03,0.03
2013.11.05 13:31:19.402,0.21694,0.21739,0.05,0.03
2013.11.05 13:31:23.655,0.21694,0.21738,0.05,0.02
2013.11.05 13:31:23.711,0.21698,0.21738,0.02,0.02
2013.11.05 13:31:24.122,0.21701,0.21738,0.02,0.02
2013.11.05 13:31:24.352,0.21701,0.21746,0.03,0.03
2013.11.05 13:31:24.911,0.21702,0.21747,0.03,0.03
2013.11.05 13:31:30.094,0.21702,0.21747,0.03,0.03
2013.11.05 13:31:30.151,0.21707,0.21752,0.03,0.03
2013.11.05 13:31:30.295,0.21707,0.21752,0.02,0.03
2013.11.05 13:31:30.352,0.21705,0.2175,0.03,0.03
2013.11.05 13:31:31.575,0.21705,0.2175,0.03,0.03
2013.11.05 13:31:37.662,0.21703,0.21747,0.02,0.03
2013.11.05 13:31:40.402,0.21704,0.21747,0.02,0.03
2013.11.05 13:31:44.682,0.21704,0.21748,0.03,0.04
2013.11.05 13:31:58.822,0.21704,0.21746,0.02,0.03
2013.11.05 13:31:59.581,0.21699,0.21744,0.05,0.03
2013.11.05 13:31:59.889,0.21701,0.21744,0.02,0.03
2013.11.05 13:32:01.210,0.21703,0.21748,0.02,0.04
2013.11.05 13:32:01.272,0.217,0.21745,0.03,0.03
2013.11.05 13:32:21.818,0.217,0.21745,0.03,0.03
2013.11.05 13:32:26.882,0.21704,0.21747,0.02,0.03
2013.11.05 13:32:29.533,0.21703,0.21745,0.02,0.03
2013.11.05 13:32:29.872,0.21703,0.21742,0.02,0.02
2013.11.05 13:32:30.543,0.21699,0.21741,0.03,0.03
2013.11.05 13:32:30.882,0.21699,0.21739,0.02,0.02
2013.11.05 13:32:31.542,0.21699,0.21738,0.02,0.02
2013.11.05 13:32:31.723,0.21694,0.21737,0.03,0.03
2013.11.05 13:32:32.145,0.21694,0.21737,0.03,0.03
2013.11.05 13:32:32.364,0.21694,0.21737,0.03,0.03
2013.11.05 13:32:35.712,0.21694,0.21737,0.02,0.03
2013.11.05 13:32:38.005,0.21691,0.21736,0.03,0.03
2013.11.05 13:32:40.735,0.21691,0.21736,0.03,0.02
2013.11.05 13:32:41.553,0.21694,0.21738,0.02,0.04
2013.11.05 13:32:43.622,0.21695,0.21739,0.03,0.02
2013.11.05 13:32:44.228,0.21696,0.21741,0.03,0.03
2013.11.05 13:32:44.422,0.21697,0.21742,0.03,0.03
2013.11.05 13:32:49.882,0.21699,0.21742,0.02,0.03
2013.11.05 13:32:54.742,0.21699,0.21743,0.03,0.02
2013.11.05 13:32:54.802,0.217,0.21745,0.03,0.03
2013.11.05 13:33:05.484,0.217,0.21745,0.03,0.03
2013.11.05 13:33:06.252,0.21699,0.21742,0.02,0.02
2013.11.05 13:33:09.334,0.21699,0.21742,0.02,0.03
2013.11.05 13:33:10.434,0.21699,0.21742,0.02,0.03
2013.11.05 13:33:14.442,0.21699,0.21742,0.02,0.03
2013.11.05 13:33:20.192,0.21699,0.21742,0.02,0.03
2013.11.05 13:33:20.363,0.21697,0.21742,0.03,0.03
2013.11.05 13:33:20.482,0.21694,0.21739,0.05,0.02
2013.11.05 13:33:23.934,0.21694,0.21739,0.05,0.03
2013.11.05 13:33:29.522,0.21696,0.21741,0.03,0.03
2013.11.05 13:33:31.282,0.21696,0.21741,0.03,0.02
2013.11.05 13:33:32.983,0.21696,0.21741,0.03,0.03
2013.11.05 13:33:34.630,0.21699,0.21741,0.02,0.03
2013.11.05 13:33:34.692,0.21699,0.21743,0.02,0.03
2013.11.05 13:33:35.294,0.21699,0.21743,0.02,0.03
2013.11.05 13:33:35.513,0.21699,0.21742,0.02,0.02
2013.11.05 13:33:36.222,0.21699,0.21742,0.02,0.03
2013.11.05 13:33:40.043,0.217,0.21745,0.03,0.03
2013.11.05 13:33:44.462,0.217,0.21744,0.03,0.02
2013.11.05 13:33:50.319,0.217,0.21745,0.03,0.03
2013.11.05 13:33:53.383,0.217,0.21744,0.03,0.02
2013.11.05 13:34:05.442,0.217,0.21745,0.03,0.03
2013.11.05 13:34:15.183,0.217,0.21745,0.03,0.03
2013.11.05 13:34:19.363,0.21701,0.21746,0.03,0.03
2013.11.05 13:34:19.811,0.21704,0.21746,0.02,0.03
2013.11.05 13:34:34.872,0.21704,0.21746,0.02,0.03
2013.11.05 13:34:37.238,0.21704,0.21745,0.02,0.03
2013.11.05 13:34:38.092,0.21704,0.21746,0.02,0.03
2013.11.05 13:34:38.960,0.21702,0.21746,0.03,0.02
2013.11.05 13:34:39.473,0.21702,0.21747,0.03,0.03
2013.11.05 13:34:40.382,0.21704,0.21748,0.03,0.02
2013.11.05 13:34:40.896,0.21704,0.21749,0.05,0.03
2013.11.05 13:34:48.092,0.21707,0.21752,0.03,0.03
2013.11.05 13:35:25.752,0.21714,0.21753,0.02,0.02
2013.11.05 13:35:25.992,0.21714,0.21756,0.02,0.03
2013.11.05 13:35:26.332,0.21709,0.21754,0.05,0.03
2013.11.05 13:35:26.791,0.21709,0.21752,0.03,0.02
2013.11.05 13:35:27.172,0.21709,0.21752,0.03,0.03
2013.11.05 13:35:31.912,0.21709,0.21754,0.05,0.03
2013.11.05 13:35:35.707,0.21714,0.21754,0.03,0.03
2013.11.05 13:35:35.762,0.21714,0.21756,0.03,0.02
2013.11.05 13:35:36.192,0.21714,0.21756,0.03,0.02
2013.11.05 13:35:36.253,0.21714,0.21759,0.05,0.02
2013.11.05 13:35:39.123,0.21714,0.21757,0.03,0.02
2013.11.05 13:35:39.302,0.21714,0.21759,0.05,0.02
2013.11.05 13:35:41.692,0.21714,0.21759,0.05,0.03
2013.11.05 13:35:43.952,0.21714,0.21758,0.03,0.03
2013.11.05 13:35:47.576,0.21716,0.21761,0.03,0.03
2013.11.05 13:35:48.062,0.21716,0.21761,0.03,0.03
2013.11.05 13:36:03.251,0.21719,0.21763,0.03,0.02
2013.11.05 13:36:03.312,0.21724,0.21765,0.02,0.02
2013.11.05 13:36:03.842,0.21721,0.21766,0.03,0.03
2013.11.05 13:36:04.593,0.21724,0.21764,0.02,0.02
2013.11.05 13:36:04.792,0.21719,0.21764,0.05,0.03
2013.11.05 13:36:07.182,0.21719,0.21764,0.05,0.03
2013.11.05 13:36:07.651,0.21719,0.21764,0.05,0.03
2013.11.05 13:36:08.348,0.21719,0.21762,0.03,0.03
2013.11.05 13:36:09.483,0.21717,0.21758,0.03,0.02
2013.11.05 13:36:09.543,0.21715,0.21758,0.03,0.02
2013.11.05 13:36:10.080,0.21714,0.21759,0.04,0.03
2013.11.05 13:36:10.143,0.21714,0.21759,0.04,0.03
2013.11.05 13:36:19.192,0.21714,0.21759,0.05,0.03
2013.11.05 13:36:24.251,0.21714,0.21759,0.05,0.02
2013.11.05 13:36:25.622,0.21716,0.21761,0.03,0.03
2013.11.05 13:36:26.121,0.21716,0.21761,0.03,0.03
2013.11.05 13:36:27.073,0.21719,0.21759,0.03,0.03
2013.11.05 13:36:27.411,0.21714,0.21759,0.05,0.03
2013.11.05 13:36:27.661,0.21714,0.21759,0.05,0.02
2013.11.05 13:36:28.166,0.21716,0.21761,0.03,0.03
2013.11.05 13:36:28.667,0.21714,0.21759,0.05,0.02
2013.11.05 13:36:31.728,0.21714,0.21757,0.03,0.02
2013.11.05 13:36:31.782,0.21714,0.21757,0.03,0.02
2013.11.05 13:36:34.542,0.21714,0.21757,0.03,0.03
2013.11.05 13:36:35.731,0.21714,0.21757,0.02,0.03
2013.11.05 13:36:36.353,0.21709,0.21754,0.05,0.02
2013.11.05 13:36:39.731,0.21709,0.21754,0.05,0.02
2013.11.05 13:36:40.271,0.21714,0.21755,0.02,0.02
2013.11.05 13:36:40.739,0.21714,0.21758,0.04,0.02
2013.11.05 13:36:41.283,0.21719,0.21759,0.02,0.03
2013.11.05 13:36:42.118,0.21714,0.21759,0.05,0.03
2013.11.05 13:36:43.031,0.21714,0.21759,0.05,0.03
2013.11.05 13:36:43.251,0.21714,0.21759,0.05,0.03
2013.11.05 13:36:43.833,0.21714,0.21757,0.02,0.03
2013.11.05 13:36:47.031,0.21714,0.21758,0.03,0.03
2013.11.05 13:36:53.022,0.21714,0.21757,0.02,0.03
2013.11.05 13:36:56.114,0.21709,0.21754,0.05,0.03
2013.11.05 13:36:58.415,0.21711,0.21754,0.02,0.03
2013.11.05 13:36:58.533,0.21714,0.21755,0.02,0.02
2013.11.05 13:36:59.122,0.21714,0.21756,0.02,0.03
2013.11.05 13:37:11.279,0.21709,0.21751,0.03,0.02
2013.11.05 13:37:11.493,0.21709,0.21751,0.02,0.02
2013.11.05 13:37:12.495,0.21709,0.21753,0.05,0.02
2013.11.05 13:37:12.613,0.21709,0.21754,0.05,0.03
2013.11.05 13:37:13.132,0.21714,0.21756,0.02,0.03
2013.11.05 13:37:13.252,0.21709,0.21751,0.02,0.02
2013.11.05 13:37:14.794,0.21709,0.21752,0.03,0.03
2013.11.05 13:37:16.327,0.21709,0.21751,0.02,0.02
2013.11.05 13:37:19.162,0.21706,0.21751,0.03,0.03
2013.11.05 13:37:25.033,0.21708,0.21751,0.02,0.03
2013.11.05 13:37:27.843,0.21709,0.21753,0.03,0.03
2013.11.05 13:37:29.830,0.21709,0.21754,0.05,0.02
2013.11.05 13:37:30.683,0.2171,0.21754,0.02,0.02
2013.11.05 13:37:30.743,0.21711,0.21756,0.03,0.03
2013.11.05 13:37:31.072,0.21714,0.21756,0.02,0.03
2013.11.05 13:37:40.294,0.21714,0.21754,0.02,0.03
2013.11.05 13:37:40.354,0.21709,0.21753,0.03,0.02
2013.11.05 13:37:41.233,0.21708,0.21751,0.02,0.03
2013.11.05 13:37:44.105,0.21706,0.21748,0.03,0.02
2013.11.05 13:37:44.283,0.21704,0.21748,0.03,0.03
2013.11.05 13:37:44.347,0.21704,0.21748,0.03,0.03
2013.11.05 13:37:45.244,0.21709,0.21751,0.02,0.03
2013.11.05 13:37:47.480,0.21709,0.21751,0.02,0.02
2013.11.05 13:37:59.293,0.21706,0.21751,0.03,0.03
2013.11.05 13:37:59.909,0.21705,0.2175,0.03,0.02
2013.11.05 13:38:00.022,0.21709,0.21752,0.03,0.02
2013.11.05 13:38:00.542,0.21709,0.21753,0.03,0.02
2013.11.05 13:38:00.602,0.21709,0.21753,0.03,0.02
2013.11.05 13:38:01.503,0.21709,0.21753,0.03,0.02
2013.11.05 13:38:01.563,0.21714,0.21756,0.02,0.03
2013.11.05 13:38:12.536,0.21709,0.21754,0.05,0.02
2013.11.05 13:38:17.604,0.21709,0.21754,0.05,0.03
2013.11.05 13:38:17.668,0.21709,0.21752,0.03,0.02
2013.11.05 13:38:21.484,0.21709,0.21751,0.03,0.02
2013.11.05 13:38:21.603,0.21706,0.21751,0.03,0.03
2013.11.05 13:38:22.133,0.21704,0.21749,0.05,0.03
2013.11.05 13:38:26.859,0.21704,0.21749,0.05,0.03
2013.11.05 13:38:26.913,0.21709,0.21749,0.03,0.03
2013.11.05 13:38:31.233,0.21714,0.21752,0.02,0.03
2013.11.05 13:38:31.293,0.21714,0.21753,0.02,0.03
2013.11.05 13:38:43.479,0.21714,0.21756,0.03,0.03
2013.11.05 13:39:05.368,0.21714,0.21756,0.02,0.03
2013.11.05 13:39:10.658,0.21714,0.21756,0.02,0.03
2013.11.05 13:39:11.209,0.21714,0.21756,0.02,0.03
2013.11.05 13:39:11.735,0.21709,0.21754,0.05,0.03
2013.11.05 13:39:19.440,0.21709,0.21753,0.03,0.03
2013.11.05 13:39:19.494,0.21707,0.21752,0.03,0.03
2013.11.05 13:39:19.614,0.21704,0.21749,0.04,0.02
2013.11.05 13:39:20.764,0.21704,0.21749,0.03,0.03
2013.11.05 13:39:20.823,0.21704,0.21748,0.03,0.02
2013.11.05 13:39:21.383,0.21704,0.21748,0.03,0.02
2013.11.05 13:39:24.042,0.217,0.21745,0.03,0.03
2013.11.05 13:39:26.512,0.217,0.21745,0.03,0.03
2013.11.05 13:39:26.632,0.21704,0.21748,0.02,0.03
2013.11.05 13:39:44.648,0.21702,0.21747,0.02,0.03
2013.11.05 13:39:44.703,0.21699,0.21743,0.02,0.03
2013.11.05 13:39:45.253,0.21699,0.21743,0.03,0.03
2013.11.05 13:39:47.933,0.21699,0.21743,0.03,0.03
2013.11.05 13:39:48.668,0.21699,0.21743,0.03,0.03
2013.11.05 13:39:49.769,0.21699,0.21744,0.04,0.03
2013.11.05 13:39:50.243,0.21699,0.21743,0.02,0.03
2013.11.05 13:39:50.768,0.21699,0.21743,0.05,0.02
2013.11.05 13:39:52.418,0.21699,0.21742,0.03,0.02
2013.11.05 13:39:52.883,0.21699,0.21744,0.05,0.02
2013.11.05 13:39:53.213,0.21699,0.21744,0.05,0.02
2013.11.05 13:39:55.582,0.217,0.21745,0.03,0.03
2013.11.05 13:39:55.903,0.217,0.21745,0.03,0.03
2013.11.05 13:39:58.578,0.217,0.21745,0.03,0.03
2013.11.05 13:40:00.605,0.21699,0.21742,0.03,0.02
2013.11.05 13:40:01.260,0.217,0.21745,0.03,0.03
2013.11.05 13:40:06.718,0.21701,0.21746,0.03,0.03
2013.11.05 13:40:07.523,0.21703,0.21747,0.02,0.03
2013.11.05 13:40:09.791,0.21702,0.21747,0.03,0.03
2013.11.05 13:40:09.853,0.21702,0.21747,0.02,0.03
2013.11.05 13:40:10.246,0.21702,0.21747,0.03,0.03
2013.11.05 13:40:10.373,0.21704,0.21747,0.02,0.03
2013.11.05 13:40:13.428,0.21704,0.21747,0.02,0.03
2013.11.05 13:40:13.538,0.21704,0.21747,0.02,0.03
2013.11.05 13:40:18.408,0.21704,0.21747,0.02,0.03
2013.11.05 13:40:19.004,0.21699,0.21744,0.05,0.02
2013.11.05 13:40:21.358,0.21699,0.21744,0.05,0.02
2013.11.05 13:40:21.413,0.21704,0.21746,0.02,0.03
2013.11.05 13:40:22.018,0.21704,0.21746,0.02,0.02
2013.11.05 13:40:22.552,0.21704,0.21747,0.02,0.03
2013.11.05 13:40:24.778,0.21704,0.21746,0.02,0.02
2013.11.05 13:40:25.313,0.21704,0.21748,0.02,0.04
2013.11.05 13:40:25.373,0.21704,0.21748,0.02,0.04
2013.11.05 13:40:26.313,0.21704,0.21748,0.02,0.03
2013.11.05 13:40:31.378,0.21704,0.21749,0.04,0.03
2013.11.05 13:40:34.898,0.21704,0.21749,0.04,0.03
2013.11.05 13:40:40.443,0.21704,0.21749,0.04,0.03
2013.11.05 13:40:43.229,0.21704,0.21749,0.04,0.03
2013.11.05 13:40:44.798,0.21703,0.21747,0.02,0.03
2013.11.05 13:40:52.484,0.21699,0.21743,0.05,0.03
2013.11.05 13:40:52.543,0.21699,0.21743,0.05,0.03
2013.11.05 13:41:01.666,0.21699,0.21742,0.02,0.03
2013.11.05 13:41:02.343,0.21699,0.21742,0.03,0.03
2013.11.05 13:41:15.633,0.21695,0.2174,0.03,0.03
2013.11.05 13:41:15.753,0.21699,0.21742,0.02,0.03
2013.11.05 13:41:16.550,0.21697,0.21742,0.03,0.03
2013.11.05 13:41:16.663,0.21695,0.2174,0.03,0.03
2013.11.05 13:41:16.973,0.21695,0.2174,0.03,0.02
2013.11.05 13:41:17.575,0.21696,0.21741,0.03,0.03
2013.11.05 13:41:24.124,0.21695,0.2174,0.03,0.02
2013.11.05 13:41:26.499,0.21695,0.2174,0.03,0.03
2013.11.05 13:41:27.017,0.21699,0.21743,0.02,0.05
2013.11.05 13:41:37.397,0.21699,0.21741,0.02,0.03
2013.11.05 13:41:39.166,0.21698,0.21743,0.03,0.05
2013.11.05 13:41:41.477,0.21695,0.2174,0.03,0.03
2013.11.05 13:41:41.630,0.21696,0.2174,0.02,0.03
2013.11.05 13:41:41.911,0.21699,0.21742,0.02,0.03
2013.11.05 13:41:42.034,0.21699,0.21742,0.02,0.03
2013.11.05 13:41:45.977,0.21699,0.21742,0.02,0.03
2013.11.05 13:41:53.563,0.21699,0.21742,0.02,0.03
2013.11.05 13:41:54.496,0.21694,0.21738,0.03,0.02
2013.11.05 13:41:54.553,0.21694,0.21738,0.03,0.04
2013.11.05 13:41:56.453,0.21694,0.21738,0.03,0.05
2013.11.05 13:41:56.966,0.21694,0.21738,0.03,0.05
2013.11.05 13:41:58.616,0.21695,0.21738,0.02,0.02
2013.11.05 13:41:59.345,0.21694,0.21737,0.03,0.03
2013.11.05 13:42:09.123,0.21694,0.21738,0.03,0.02
2013.11.05 13:42:09.183,0.21699,0.21742,0.03,0.03
2013.11.05 13:42:09.333,0.21699,0.21742,0.03,0.03
2013.11.05 13:42:09.636,0.21699,0.21742,0.03,0.03
2013.11.05 13:42:11.066,0.21699,0.21742,0.02,0.03
2013.11.05 13:42:11.123,0.21697,0.21742,0.02,0.03
2013.11.05 13:42:11.225,0.21697,0.21742,0.03,0.03
2013.11.05 13:42:11.537,0.21697,0.21742,0.02,0.03
2013.11.05 13:42:11.803,0.21695,0.2174,0.03,0.03
2013.11.05 13:42:15.667,0.21696,0.21737,0.03,0.02
2013.11.05 13:42:15.724,0.21696,0.21737,0.02,0.02
2013.11.05 13:42:15.850,0.21694,0.21737,0.03,0.04
2013.11.05 13:42:16.164,0.21694,0.21739,0.05,0.03
2013.11.05 13:42:16.344,0.21694,0.21737,0.03,0.02
2013.11.05 13:42:16.676,0.21694,0.21737,0.03,0.02
2013.11.05 13:42:17.934,0.21694,0.21737,0.03,0.02
2013.11.05 13:42:18.802,0.21694,0.21738,0.03,0.03
2013.11.05 13:42:19.823,0.21694,0.21737,0.03,0.02
2013.11.05 13:42:25.823,0.21694,0.21737,0.03,0.02
2013.11.05 13:42:28.584,0.21694,0.21739,0.05,0.03
2013.11.05 13:42:29.474,0.21695,0.21737,0.03,0.02
2013.11.05 13:43:18.053,0.21694,0.21737,0.03,0.02
2013.11.05 13:43:25.554,0.21694,0.21737,0.03,0.02
2013.11.05 13:43:27.783,0.21699,0.21739,0.03,0.02
2013.11.05 13:43:27.843,0.21699,0.21742,0.03,0.04
2013.11.05 13:43:28.203,0.21695,0.2174,0.03,0.03
2013.11.05 13:43:29.375,0.21695,0.2174,0.03,0.03
2013.11.05 13:43:30.715,0.21695,0.2174,0.03,0.02
2013.11.05 13:43:31.404,0.21699,0.21741,0.02,0.02
2013.11.05 13:43:32.289,0.21696,0.21737,0.03,0.02
2013.11.05 13:43:32.343,0.21694,0.21737,0.03,0.03
2013.11.05 13:43:47.216,0.21694,0.21738,0.03,0.03
2013.11.05 13:43:47.286,0.21695,0.2174,0.03,0.03
2013.11.05 13:43:49.127,0.21694,0.21739,0.05,0.02
2013.11.05 13:43:49.194,0.21694,0.21739,0.05,0.03
2013.11.05 13:43:49.995,0.21694,0.21738,0.03,0.03
2013.11.05 13:43:52.853,0.21694,0.21737,0.02,0.04
2013.11.05 13:43:53.705,0.21694,0.21737,0.02,0.04
2013.11.05 13:44:02.644,0.21692,0.21737,0.03,0.04
2013.11.05 13:44:10.158,0.21689,0.21734,0.05,0.02
2013.11.05 13:44:10.213,0.21689,0.21734,0.05,0.03
2013.11.05 13:44:10.534,0.21689,0.21734,0.05,0.03
2013.11.05 13:44:14.742,0.21688,0.21727,0.03,0.02
2013.11.05 13:44:15.043,0.21686,0.21722,0.02,0.02
2013.11.05 13:44:15.367,0.21683,0.21722,0.02,0.02
2013.11.05 13:44:15.434,0.21683,0.21728,0.03,0.03
2013.11.05 13:44:15.494,0.21686,0.21731,0.02,0.03
2013.11.05 13:44:15.554,0.21686,0.21731,0.03,0.03
2013.11.05 13:44:15.673,0.21686,0.21731,0.03,0.03
2013.11.05 13:44:15.864,0.21686,0.21731,0.03,0.03
2013.11.05 13:44:16.304,0.21686,0.21729,0.03,0.02
2013.11.05 13:44:16.563,0.21684,0.21727,0.04,0.02
2013.11.05 13:44:16.885,0.21684,0.21727,0.04,0.02
2013.11.05 13:44:17.656,0.21684,0.21727,0.03,0.02
2013.11.05 13:44:18.154,0.21685,0.21727,0.02,0.02
2013.11.05 13:44:18.791,0.21679,0.21724,0.05,0.03
2013.11.05 13:44:19.097,0.21679,0.21722,0.05,0.02
2013.11.05 13:44:22.622,0.21679,0.21724,0.05,0.03
2013.11.05 13:44:23.764,0.21679,0.21722,0.05,0.02
2013.11.05 13:44:26.544,0.21679,0.21722,0.05,0.02
2013.11.05 13:44:29.364,0.2168,0.21725,0.02,0.03
2013.11.05 13:44:31.684,0.21684,0.21725,0.02,0.03
2013.11.05 13:44:31.743,0.21684,0.21725,0.02,0.03
2013.11.05 13:44:38.183,0.21684,0.21727,0.05,0.02
2013.11.05 13:44:39.823,0.21684,0.21727,0.04,0.02
2013.11.05 13:44:41.393,0.21684,0.21727,0.04,0.02
2013.11.05 13:44:49.689,0.21684,0.21722,0.03,0.02
2013.11.05 13:44:49.745,0.21684,0.21722,0.02,0.02
2013.11.05 13:44:49.920,0.21679,0.21722,0.03,0.02
2013.11.05 13:44:54.823,0.21681,0.21726,0.03,0.03
2013.11.05 13:44:55.333,0.21681,0.21726,0.03,0.03
2013.11.05 13:44:56.456,0.21683,0.21727,0.02,0.02
2013.11.05 13:44:56.544,0.21683,0.21727,0.03,0.02
2013.11.05 13:44:57.034,0.2168,0.21725,0.02,0.03
2013.11.05 13:44:57.344,0.21679,0.21722,0.05,0.02
2013.11.05 13:44:57.490,0.21679,0.21724,0.05,0.02
2013.11.05 13:44:57.814,0.21681,0.21726,0.03,0.03
2013.11.05 13:45:01.564,0.2168,0.21725,0.03,0.02
2013.11.05 13:45:01.810,0.21684,0.21727,0.02,0.02
2013.11.05 13:45:05.554,0.21684,0.21727,0.02,0.02
2013.11.05 13:45:12.069,0.21683,0.21722,0.03,0.02
2013.11.05 13:45:12.184,0.2168,0.21722,0.02,0.02
2013.11.05 13:45:12.870,0.21679,0.21722,0.05,0.02
2013.11.05 13:45:17.194,0.21679,0.21722,0.05,0.02
2013.11.05 13:45:17.764,0.21682,0.21727,0.02,0.04
2013.11.05 13:45:19.811,0.21684,0.21727,0.02,0.04
2013.11.05 13:45:19.873,0.21684,0.21727,0.04,0.02
2013.11.05 13:45:22.619,0.21684,0.21729,0.05,0.03
2013.11.05 13:45:22.673,0.21685,0.2173,0.03,0.03
2013.11.05 13:45:22.733,0.21685,0.2173,0.03,0.03
2013.11.05 13:45:23.561,0.21686,0.21731,0.02,0.03
2013.11.05 13:45:24.644,0.21685,0.2173,0.03,0.03
2013.11.05 13:45:25.195,0.21684,0.21727,0.02,0.02
2013.11.05 13:45:25.654,0.21684,0.21728,0.03,0.03
2013.11.05 13:45:25.844,0.21689,0.21732,0.02,0.04
2013.11.05 13:45:25.924,0.21689,0.21732,0.02,0.04
2013.11.05 13:45:26.606,0.21686,0.21731,0.03,0.02
2013.11.05 13:45:27.285,0.21686,0.21731,0.03,0.03
2013.11.05 13:45:29.063,0.21685,0.2173,0.03,0.03
2013.11.05 13:45:29.622,0.21684,0.21728,0.03,0.03
2013.11.05 13:45:30.224,0.21684,0.21728,0.03,0.03
2013.11.05 13:45:31.259,0.21684,0.21728,0.03,0.03
2013.11.05 13:45:31.433,0.21685,0.2173,0.03,0.03
2013.11.05 13:45:32.044,0.21685,0.2173,0.03,0.03
2013.11.05 13:45:32.103,0.21685,0.2173,0.03,0.02
2013.11.05 13:45:32.646,0.21688,0.21732,0.03,0.02
2013.11.05 13:45:33.207,0.21685,0.2173,0.03,0.02
2013.11.05 13:45:33.463,0.21685,0.2173,0.03,0.03
2013.11.05 13:45:36.933,0.21688,0.21732,0.03,0.02
2013.11.05 13:45:37.703,0.21689,0.21732,0.02,0.02
2013.11.05 13:45:39.503,0.21689,0.21733,0.02,0.03
2013.11.05 13:45:40.673,0.21689,0.21733,0.02,0.03
2013.11.05 13:45:42.234,0.21689,0.21733,0.03,0.03
2013.11.05 13:45:42.683,0.21689,0.21732,0.02,0.02
2013.11.05 13:45:42.914,0.21689,0.21732,0.02,0.02
2013.11.05 13:45:46.503,0.21689,0.21733,0.02,0.03
2013.11.05 13:45:47.713,0.21689,0.21733,0.02,0.03
2013.11.05 13:45:48.323,0.21684,0.21729,0.05,0.03
2013.11.05 13:45:48.384,0.21684,0.21729,0.05,0.03
2013.11.05 13:45:49.143,0.21684,0.21729,0.05,0.03
2013.11.05 13:45:50.013,0.21684,0.21729,0.05,0.03
2013.11.05 13:45:52.253,0.21684,0.21727,0.05,0.02
2013.11.05 13:45:54.533,0.21684,0.21729,0.05,0.02
2013.11.05 13:45:54.593,0.21688,0.21732,0.03,0.02
2013.11.05 13:45:58.383,0.21688,0.21732,0.03,0.02
2013.11.05 13:46:04.373,0.21689,0.21733,0.03,0.03
2013.11.05 13:46:08.723,0.21688,0.21732,0.03,0.02
2013.11.05 13:46:08.996,0.21685,0.2173,0.03,0.03
2013.11.05 13:46:09.596,0.21685,0.2173,0.03,0.03
2013.11.05 13:46:18.543,0.21684,0.21727,0.05,0.02
2013.11.05 13:46:19.392,0.21684,0.21727,0.05,0.02
2013.11.05 13:46:22.583,0.21684,0.21727,0.05,0.02
2013.11.05 13:46:28.464,0.21684,0.21727,0.05,0.02
2013.11.05 13:46:29.603,0.21684,0.21727,0.05,0.02
2013.11.05 13:46:47.694,0.21684,0.21727,0.03,0.02
2013.11.05 13:46:53.852,0.21684,0.21727,0.03,0.02
2013.11.05 13:46:53.914,0.21689,0.21731,0.02,0.02
2013.11.05 13:46:54.094,0.21686,0.21731,0.03,0.02
2013.11.05 13:46:54.661,0.21686,0.21731,0.03,0.03
2013.11.05 13:46:54.725,0.21686,0.21727,0.03,0.02
2013.11.05 13:46:54.784,0.21686,0.21727,0.03,0.02
2013.11.05 13:46:55.638,0.21684,0.21728,0.03,0.03
2013.11.05 13:46:55.753,0.21684,0.21728,0.03,0.02
2013.11.05 13:46:55.814,0.21686,0.21731,0.03,0.03
2013.11.05 13:46:56.473,0.21689,0.21732,0.02,0.02
2013.11.05 13:46:56.538,0.21689,0.21732,0.02,0.02
2013.11.05 13:46:59.215,0.21689,0.21732,0.02,0.02
2013.11.05 13:46:59.504,0.21684,0.21728,0.03,0.03
2013.11.05 13:46:59.564,0.21684,0.21728,0.03,0.03
2013.11.05 13:47:00.435,0.21684,0.21729,0.05,0.03
2013.11.05 13:47:01.392,0.21685,0.2173,0.03,0.03
2013.11.05 13:47:02.492,0.21685,0.2173,0.03,0.03
2013.11.05 13:47:03.216,0.21687,0.21732,0.03,0.04
2013.11.05 13:47:06.461,0.21689,0.21732,0.02,0.04
2013.11.05 13:47:06.525,0.21684,0.21727,0.05,0.02
2013.11.05 13:47:18.014,0.21684,0.21727,0.02,0.04
2013.11.05 13:47:18.501,0.2168,0.21725,0.03,0.03
2013.11.05 13:47:18.725,0.2168,0.21722,0.03,0.02
2013.11.05 13:47:19.332,0.2168,0.21722,0.03,0.02
2013.11.05 13:47:19.824,0.21679,0.21724,0.05,0.02
2013.11.05 13:47:20.005,0.21682,0.21727,0.03,0.04
2013.11.05 13:47:21.190,0.21682,0.21722,0.03,0.02
2013.11.05 13:47:21.444,0.21681,0.21722,0.02,0.02
2013.11.05 13:47:21.656,0.21679,0.21722,0.02,0.02
2013.11.05 13:47:21.775,0.21679,0.21723,0.02,0.03
2013.11.05 13:47:22.546,0.21679,0.21723,0.02,0.03
2013.11.05 13:47:23.063,0.2168,0.21725,0.03,0.03
2013.11.05 13:47:26.082,0.21681,0.21723,0.03,0.02
2013.11.05 13:47:26.203,0.21681,0.21722,0.03,0.02
2013.11.05 13:47:26.526,0.21679,0.21722,0.02,0.02
2013.11.05 13:47:26.644,0.21679,0.21722,0.02,0.02
2013.11.05 13:47:29.647,0.21679,0.21723,0.02,0.03
2013.11.05 13:47:30.059,0.21683,0.21727,0.03,0.02
2013.11.05 13:47:33.724,0.21684,0.21727,0.02,0.04
2013.11.05 13:47:34.111,0.21684,0.21727,0.02,0.04
2013.11.05 13:47:45.713,0.21682,0.21722,0.02,0.02
2013.11.05 13:47:46.418,0.21679,0.21722,0.02,0.02
2013.11.05 13:47:53.601,0.21679,0.21722,0.02,0.02
2013.11.05 13:48:02.053,0.2168,0.21725,0.03,0.03
2013.11.05 13:48:05.408,0.2168,0.21725,0.03,0.03
2013.11.05 13:48:05.724,0.21684,0.21726,0.02,0.03
2013.11.05 13:48:05.844,0.21684,0.21727,0.04,0.02
2013.11.05 13:48:06.804,0.21684,0.21727,0.04,0.02
2013.11.05 13:48:11.644,0.21684,0.21727,0.02,0.02
2013.11.05 13:48:11.764,0.21681,0.21726,0.03,0.03
2013.11.05 13:48:11.824,0.21681,0.21726,0.03,0.03
2013.11.05 13:48:12.354,0.21684,0.21727,0.03,0.02
2013.11.05 13:48:13.444,0.21684,0.21727,0.03,0.02
2013.11.05 13:48:24.844,0.21685,0.2173,0.03,0.02
2013.11.05 13:48:25.250,0.21685,0.2173,0.03,0.03
2013.11.05 13:48:25.584,0.21685,0.21727,0.03,0.02
2013.11.05 13:48:43.195,0.21684,0.21729,0.05,0.03
2013.11.05 13:48:43.254,0.21684,0.21729,0.05,0.02
2013.11.05 13:48:43.766,0.21686,0.21731,0.03,0.03
2013.11.05 13:48:47.404,0.21685,0.2173,0.03,0.03
2013.11.05 13:48:50.734,0.21684,0.21727,0.03,0.02
2013.11.05 13:48:51.294,0.21686,0.21731,0.03,0.03
2013.11.05 13:48:51.460,0.21686,0.21731,0.03,0.03
2013.11.05 13:48:52.010,0.21689,0.21731,0.02,0.03
2013.11.05 13:48:52.224,0.21685,0.21727,0.03,0.02
2013.11.05 13:48:52.284,0.21684,0.21727,0.03,0.02
2013.11.05 13:48:55.598,0.21689,0.21728,0.02,0.03
2013.11.05 13:48:55.654,0.21689,0.21731,0.02,0.03
2013.11.05 13:49:51.754,0.21694,0.21733,0.02,0.02
2013.11.05 13:49:51.814,0.21694,0.21736,0.02,0.03
2013.11.05 13:49:57.909,0.21694,0.21737,0.02,0.03
2013.11.05 13:49:57.965,0.21694,0.21739,0.04,0.03
2013.11.05 13:49:58.950,0.21694,0.21737,0.04,0.02
2013.11.05 13:49:59.065,0.21694,0.21737,0.02,0.04
2013.11.05 13:50:01.209,0.21694,0.21737,0.02,0.04
2013.11.05 13:50:01.884,0.21692,0.21737,0.03,0.04
2013.11.05 13:50:02.665,0.21689,0.21734,0.04,0.02
2013.11.05 13:50:03.984,0.21689,0.21734,0.04,0.03
2013.11.05 13:50:14.189,0.21689,0.21734,0.04,0.03
2013.11.05 13:50:16.635,0.21689,0.21734,0.05,0.02
2013.11.05 13:50:16.695,0.21694,0.21736,0.02,0.03
2013.11.05 13:50:51.674,0.21696,0.21739,0.02,0.03
2013.11.05 13:50:51.734,0.21698,0.21739,0.02,0.02
2013.11.05 13:50:51.854,0.21696,0.21741,0.03,0.03
2013.11.05 13:50:53.870,0.21695,0.21737,0.03,0.02
2013.11.05 13:51:00.502,0.21695,0.2174,0.03,0.03
2013.11.05 13:51:04.279,0.21694,0.21737,0.06,0.02
2013.11.05 13:51:04.973,0.21694,0.21736,0.04,0.02
2013.11.05 13:51:13.808,0.21694,0.21737,0.04,0.02
2013.11.05 13:51:14.506,0.21695,0.2174,0.03,0.03
2013.11.05 13:51:16.782,0.21695,0.21737,0.03,0.03
2013.11.05 13:51:16.844,0.21694,0.21737,0.02,0.05
2013.11.05 13:51:21.504,0.21692,0.21737,0.03,0.05
2013.11.05 13:51:22.475,0.21692,0.21737,0.03,0.05
2013.11.05 13:51:24.710,0.21689,0.21732,0.05,0.02
2013.11.05 13:51:24.764,0.21687,0.21732,0.02,0.05
2013.11.05 13:51:25.042,0.21689,0.21731,0.03,0.03
2013.11.05 13:51:25.104,0.21689,0.21732,0.03,0.04
2013.11.05 13:51:26.295,0.21686,0.21731,0.03,0.03
2013.11.05 13:51:26.354,0.21686,0.21731,0.03,0.03
2013.11.05 13:51:31.374,0.21686,0.21731,0.03,0.03
2013.11.05 13:51:33.634,0.21684,0.21729,0.07,0.02
2013.11.05 13:51:33.694,0.21684,0.21729,0.07,0.03
2013.11.05 13:51:40.497,0.21686,0.21731,0.03,0.03
2013.11.05 13:51:57.104,0.21684,0.21729,0.05,0.02
2013.11.05 13:51:57.684,0.21684,0.21727,0.03,0.02
2013.11.05 13:52:00.114,0.21684,0.21728,0.03,0.02
2013.11.05 13:52:00.718,0.21686,0.21731,0.03,0.03
2013.11.05 13:52:05.164,0.21686,0.21731,0.03,0.03
2013.11.05 13:52:10.556,0.21681,0.21726,0.03,0.02
2013.11.05 13:52:11.365,0.21684,0.21727,0.03,0.02
2013.11.05 13:52:11.744,0.21681,0.21726,0.03,0.03
2013.11.05 13:52:12.356,0.21681,0.21726,0.03,0.03
2013.11.05 13:52:25.042,0.21682,0.21727,0.03,0.04
2013.11.05 13:52:35.905,0.21679,0.21724,0.05,0.02
2013.11.05 13:52:36.503,0.21679,0.21724,0.05,0.03
2013.11.05 13:52:43.636,0.21679,0.21722,0.05,0.02
2013.11.05 13:52:43.738,0.21684,0.21724,0.03,0.02
2013.11.05 13:52:44.055,0.21684,0.21727,0.03,0.02
2013.11.05 13:52:46.497,0.21684,0.21727,0.03,0.02
2013.11.05 13:52:48.477,0.21684,0.21728,0.03,0.03
2013.11.05 13:53:00.424,0.21684,0.21728,0.03,0.03
2013.11.05 13:53:42.647,0.21683,0.21722,0.03,0.02
2013.11.05 13:53:42.704,0.21683,0.21722,0.02,0.02
2013.11.05 13:53:43.244,0.21679,0.21722,0.05,0.02
2013.11.05 13:53:45.298,0.21679,0.21719,0.02,0.02
2013.11.05 13:53:45.355,0.21674,0.21719,0.05,0.03
2013.11.05 13:53:45.444,0.21674,0.21719,0.05,0.02
2013.11.05 13:53:45.949,0.21677,0.21722,0.03,0.04
2013.11.05 13:53:46.135,0.21675,0.21717,0.03,0.02
2013.11.05 13:53:49.636,0.21674,0.21717,0.04,0.02
2013.11.05 13:53:49.991,0.21669,0.21714,0.05,0.03
2013.11.05 13:53:50.846,0.21669,0.21712,0.05,0.02
2013.11.05 13:53:51.114,0.21664,0.21707,0.05,0.02
2013.11.05 13:53:52.334,0.21667,0.21712,0.03,0.04
2013.11.05 13:53:52.664,0.21664,0.21707,0.05,0.02
2013.11.05 13:53:52.914,0.21664,0.21709,0.05,0.03
2013.11.05 13:53:53.075,0.21667,0.21712,0.03,0.04
2013.11.05 13:53:53.420,0.21665,0.2171,0.03,0.03
2013.11.05 13:53:53.667,0.21665,0.2171,0.03,0.03
2013.11.05 13:53:53.735,0.21665,0.2171,0.03,0.03
2013.11.05 13:53:55.056,0.21667,0.21712,0.03,0.04
2013.11.05 13:53:56.005,0.21669,0.21712,0.03,0.02
2013.11.05 13:53:56.064,0.21669,0.21712,0.02,0.02
2013.11.05 13:53:56.304,0.21664,0.21707,0.05,0.02
2013.11.05 13:53:57.073,0.21667,0.21712,0.02,0.04
2013.11.05 13:54:00.724,0.21669,0.21712,0.02,0.02
2013.11.05 13:54:00.785,0.21669,0.21712,0.03,0.02
2013.11.05 13:54:01.409,0.21669,0.21712,0.05,0.02
2013.11.05 13:54:02.105,0.21669,0.21714,0.05,0.03
2013.11.05 13:54:02.805,0.21671,0.21716,0.03,0.03
2013.11.05 13:54:05.645,0.21671,0.21716,0.03,0.03
2013.11.05 13:54:07.644,0.21674,0.21717,0.05,0.02
2013.11.05 13:54:08.154,0.21674,0.21717,0.04,0.02
2013.11.05 13:54:10.874,0.21672,0.21717,0.03,0.03
2013.11.05 13:54:10.935,0.21671,0.21716,0.03,0.03
2013.11.05 13:54:11.444,0.21669,0.21713,0.03,0.03
2013.11.05 13:54:11.504,0.21669,0.21712,0.03,0.02
2013.11.05 13:54:15.405,0.2167,0.21715,0.03,0.03
2013.11.05 13:54:15.753,0.21674,0.21717,0.02,0.04
2013.11.05 13:54:15.874,0.21674,0.21718,0.03,0.03
2013.11.05 13:54:16.423,0.21676,0.21721,0.02,0.03
2013.11.05 13:54:16.544,0.21674,0.21717,0.03,0.02
2013.11.05 13:54:16.945,0.21674,0.21717,0.03,0.02
2013.11.05 13:54:20.474,0.21674,0.21717,0.02,0.02
2013.11.05 13:54:21.904,0.21674,0.21717,0.02,0.02
2013.11.05 13:54:22.734,0.21671,0.21716,0.03,0.03
2013.11.05 13:54:23.896,0.21671,0.21716,0.03,0.03
2013.11.05 13:54:24.134,0.21671,0.21716,0.03,0.03
2013.11.05 13:54:26.708,0.21671,0.21716,0.03,0.03
2013.11.05 13:54:26.943,0.21671,0.21716,0.03,0.03
2013.11.05 13:54:27.794,0.21674,0.21717,0.03,0.02
2013.11.05 13:54:30.607,0.21674,0.21717,0.03,0.02
2013.11.05 13:54:30.695,0.21674,0.21717,0.02,0.02
2013.11.05 13:54:30.754,0.21672,0.21717,0.02,0.04
2013.11.05 13:54:31.435,0.21671,0.21716,0.03,0.03
2013.11.05 13:54:36.464,0.21671,0.21716,0.02,0.03
2013.11.05 13:54:37.075,0.21669,0.21712,0.05,0.02
2013.11.05 13:54:38.065,0.21669,0.21712,0.05,0.02
2013.11.05 13:54:38.125,0.21674,0.21714,0.02,0.03
2013.11.05 13:54:39.925,0.21674,0.21717,0.02,0.02
2013.11.05 13:54:40.336,0.21672,0.21717,0.03,0.04
2013.11.05 13:54:40.941,0.21672,0.21717,0.02,0.04
2013.11.05 13:54:41.765,0.21672,0.21717,0.03,0.04
2013.11.05 13:54:43.254,0.21674,0.21717,0.05,0.02
2013.11.05 13:54:56.484,0.21674,0.21717,0.03,0.02
2013.11.05 13:55:06.345,0.21674,0.21717,0.03,0.02
2013.11.05 13:55:06.900,0.21672,0.21717,0.03,0.04
2013.11.05 13:55:07.577,0.21674,0.21717,0.03,0.02
2013.11.05 13:55:16.405,0.21674,0.21717,0.04,0.02
2013.11.05 13:55:19.784,0.21674,0.21717,0.04,0.02
2013.11.05 13:55:22.815,0.21671,0.21716,0.03,0.03
2013.11.05 13:55:24.109,0.21671,0.21716,0.03,0.03
2013.11.05 13:55:24.814,0.21671,0.21716,0.03,0.03
2013.11.05 13:55:33.855,0.21671,0.21716,0.03,0.03
2013.11.05 13:55:33.915,0.21674,0.21717,0.04,0.02
2013.11.05 13:55:34.729,0.21674,0.21717,0.02,0.02
2013.11.05 13:55:35.258,0.21672,0.21717,0.03,0.04
2013.11.05 13:55:52.158,0.21674,0.21717,0.02,0.02
2013.11.05 13:55:52.885,0.21674,0.21717,0.03,0.02
2013.11.05 13:56:11.754,0.21673,0.21717,0.03,0.02
2013.11.05 13:56:12.423,0.21671,0.21716,0.03,0.03
2013.11.05 13:56:12.586,0.21671,0.21716,0.03,0.03
2013.11.05 13:56:29.524,0.21673,0.21712,0.03,0.02
2013.11.05 13:56:29.584,0.2167,0.21712,0.03,0.02
2013.11.05 13:56:29.965,0.21671,0.21714,0.02,0.03
2013.11.05 13:56:30.024,0.21673,0.21717,0.03,0.02
2013.11.05 13:56:30.084,0.21674,0.21717,0.02,0.02
2013.11.05 13:56:30.585,0.21674,0.21717,0.02,0.02
2013.11.05 13:56:31.114,0.21671,0.21716,0.03,0.03
2013.11.05 13:56:34.003,0.21674,0.21717,0.02,0.04
2013.11.05 13:56:34.528,0.21674,0.21717,0.03,0.02
2013.11.05 13:56:35.443,0.21672,0.21717,0.03,0.04
2013.11.05 13:56:39.885,0.2167,0.21715,0.03,0.03
2013.11.05 13:56:40.504,0.2167,0.21715,0.03,0.03
2013.11.05 13:56:42.241,0.21672,0.21717,0.02,0.03
2013.11.05 13:56:43.827,0.21672,0.21717,0.03,0.04
2013.11.05 13:56:43.913,0.21672,0.21717,0.03,0.04
2013.11.05 13:56:44.294,0.21674,0.21717,0.04,0.02
2013.11.05 13:56:50.009,0.21674,0.21718,0.03,0.03
2013.11.05 13:56:50.073,0.21674,0.21717,0.02,0.02
2013.11.05 13:56:50.135,0.21671,0.21716,0.03,0.03
2013.11.05 13:56:50.826,0.21669,0.21714,0.05,0.03
2013.11.05 13:56:54.154,0.21672,0.21717,0.02,0.04
2013.11.05 13:56:54.774,0.21671,0.21716,0.03,0.03
2013.11.05 13:57:00.633,0.21669,0.21713,0.05,0.02
2013.11.05 13:57:01.000,0.21673,0.21714,0.02,0.03
2013.11.05 13:57:03.534,0.21674,0.21717,0.04,0.02
2013.11.05 13:57:03.933,0.21674,0.21717,0.04,0.02
2013.11.05 13:57:08.333,0.21674,0.21717,0.02,0.02
2013.11.05 13:57:19.083,0.21679,0.21719,0.02,0.03
2013.11.05 13:57:19.146,0.21679,0.21719,0.03,0.02
2013.11.05 13:57:19.205,0.21679,0.21721,0.03,0.03
2013.11.05 13:57:19.973,0.21675,0.2172,0.03,0.02
2013.11.05 13:57:20.654,0.21675,0.2172,0.03,0.03
2013.11.05 13:57:21.384,0.21679,0.21722,0.02,0.04
2013.11.05 13:57:28.495,0.21676,0.21721,0.03,0.03
2013.11.05 13:57:29.216,0.21676,0.21721,0.03,0.03
2013.11.05 13:57:31.838,0.21676,0.21721,0.03,0.03
2013.11.05 13:57:31.895,0.21677,0.21722,0.03,0.04
2013.11.05 13:57:41.593,0.2168,0.21723,0.02,0.03
2013.11.05 13:57:41.715,0.21683,0.21727,0.02,0.04
2013.11.05 13:57:42.389,0.21684,0.21727,0.02,0.04
2013.11.05 13:57:44.606,0.21684,0.21725,0.02,0.02
2013.11.05 13:57:44.665,0.2168,0.21724,0.03,0.02
2013.11.05 13:57:45.235,0.21679,0.21723,0.03,0.03
2013.11.05 13:57:51.352,0.21679,0.21723,0.03,0.03
2013.11.05 13:57:51.405,0.21681,0.21726,0.03,0.03
2013.11.05 13:57:59.231,0.21681,0.21726,0.03,0.03
2013.11.05 13:58:00.226,0.21679,0.21724,0.05,0.03
2013.11.05 13:58:04.695,0.2168,0.21725,0.03,0.03
2013.11.05 13:58:08.512,0.2168,0.21725,0.03,0.03
2013.11.05 13:58:10.052,0.21681,0.21726,0.03,0.03
2013.11.05 13:58:19.292,0.21681,0.21726,0.03,0.02
2013.11.05 13:58:19.840,0.21684,0.21727,0.02,0.04
2013.11.05 13:58:22.595,0.21682,0.21722,0.03,0.02
2013.11.05 13:58:22.655,0.21679,0.21722,0.05,0.02
2013.11.05 13:58:41.544,0.21679,0.21724,0.05,0.03
2013.11.05 13:58:52.835,0.21684,0.21726,0.02,0.03
2013.11.05 13:58:53.561,0.21684,0.21727,0.02,0.04
2013.11.05 13:58:57.546,0.21681,0.21726,0.03,0.03
2013.11.05 13:58:57.875,0.21681,0.21726,0.03,0.03
2013.11.05 13:58:58.065,0.21681,0.21726,0.03,0.03
2013.11.05 13:59:08.411,0.21681,0.21726,0.03,0.03
2013.11.05 13:59:10.831,0.21681,0.21726,0.03,0.03
2013.11.05 13:59:15.001,0.21684,0.21727,0.03,0.03
2013.11.05 13:59:15.115,0.21684,0.21729,0.05,0.03
2013.11.05 13:59:15.551,0.21684,0.21729,0.05,0.03
2013.11.05 13:59:16.075,0.21684,0.21726,0.03,0.02
2013.11.05 13:59:16.635,0.21684,0.21727,0.03,0.03
2013.11.05 13:59:20.831,0.21684,0.21727,0.03,0.03
2013.11.05 13:59:21.085,0.21685,0.2173,0.03,0.03
2013.11.05 13:59:21.435,0.21689,0.21732,0.03,0.04
2013.11.05 13:59:28.015,0.21689,0.21732,0.02,0.03
2013.11.05 13:59:28.755,0.21689,0.21732,0.03,0.02
2013.11.05 13:59:29.265,0.21689,0.21732,0.03,0.03
2013.11.05 13:59:33.361,0.21689,0.21734,0.05,0.03
2013.11.05 13:59:37.540,0.21689,0.21734,0.05,0.03
2013.11.05 13:59:43.480,0.21689,0.21734,0.05,0.03
2013.11.05 13:59:43.955,0.21694,0.21737,0.02,0.04
2013.11.05 13:59:44.668,0.21694,0.21737,0.02,0.04
2013.11.05 13:59:48.426,0.21696,0.21741,0.03,0.03
2013.11.05 13:59:48.792,0.21694,0.21737,0.05,0.02
2013.11.05 13:59:48.845,0.21694,0.21736,0.03,0.02
2013.11.05 13:59:49.425,0.21694,0.21739,0.05,0.03
2013.11.05 13:59:50.031,0.21694,0.21739,0.05,0.02
2013.11.05 13:59:50.085,0.21699,0.21741,0.02,0.03
2013.11.05 13:59:50.445,0.21696,0.21737,0.03,0.02
2013.11.05 13:59:50.505,0.21694,0.21737,0.05,0.02
2013.11.05 13:59:51.053,0.21694,0.21736,0.03,0.02
2013.11.05 13:59:51.131,0.21694,0.21736,0.03,0.02
2013.11.05 13:59:51.185,0.21694,0.21738,0.03,0.03
2013.11.05 13:59:51.735,0.21694,0.21737,0.03,0.03
2013.11.05 13:59:52.255,0.21694,0.21739,0.05,0.03
2013.11.05 13:59:53.116,0.21694,0.21737,0.03,0.02
2013.11.05 13:59:56.255,0.21694,0.21739,0.05,0.03
2013.11.05 13:59:56.990,0.21694,0.21737,0.03,0.02
2013.11.05 13:59:57.711,0.21694,0.21736,0.03,0.02
