2017.03.30 14:00:04.396,0.18184,0.18214,0.02,0.64
2017.03.30 14:00:04.598,0.18188,0.18218,0.02,0.64
2017.03.30 14:00:04.946,0.1818,0.1821,0.03,0.41
2017.03.30 14:00:04.997,0.18185,0.18215,0.02,0.64
2017.03.30 14:00:05.047,0.18172,0.18202,0.55,0.02
2017.03.30 14:00:06.584,0.18185,0.18216,0.02,0.38
2017.03.30 14:00:06.802,0.18188,0.18218,0.02,0.63
2017.03.30 14:00:24.750,0.1819,0.1822,0.02,0.64
2017.03.30 14:00:24.800,0.18183,0.18214,0.17,0.04
2017.03.30 14:00:24.911,0.18182,0.18212,0.49,0.02
2017.03.30 14:00:24.961,0.18189,0.18219,0.20,0.48
2017.03.30 14:00:26.666,0.18194,0.18224,0.02,0.52
2017.03.30 14:00:34.603,0.1819,0.1822,0.02,0.51
2017.03.30 14:00:34.868,0.18179,0.18209,0.40,0.02
2017.03.30 14:00:35.170,0.18193,0.18223,0.02,0.71
2017.03.30 14:00:35.707,0.18188,0.18218,0.37,0.15
2017.03.30 14:00:36.519,0.18194,0.18224,0.02,0.71
2017.03.30 14:00:36.827,0.18185,0.18215,0.07,0.30
2017.03.30 14:00:37.460,0.18186,0.18216,0.02,0.39
2017.03.30 14:00:57.431,0.18186,0.18217,0.02,0.42
2017.03.30 14:00:57.796,0.18188,0.18218,0.32,0.43
2017.03.30 14:01:33.828,0.18198,0.18228,0.02,0.69
2017.03.30 14:01:33.979,0.18193,0.18223,0.02,0.68
2017.03.30 14:01:34.194,0.18191,0.18224,0.04,0.11
2017.03.30 14:01:35.433,0.18193,0.18225,0.29,0.45
2017.03.30 14:01:46.359,0.182,0.1823,0.02,0.61
2017.03.30 14:01:57.677,0.18196,0.18226,0.03,0.09
2017.03.30 14:01:57.887,0.18197,0.18227,0.30,0.43
2017.03.30 14:01:59.841,0.18204,0.18234,0.02,0.64
2017.03.30 14:02:05.208,0.18198,0.18228,0.36,0.40
2017.03.30 14:02:05.308,0.18199,0.18229,0.04,0.42
2017.03.30 14:02:05.821,0.18202,0.18232,0.37,0.36
2017.03.30 14:02:06.723,0.1821,0.1824,0.02,0.61
2017.03.30 14:02:09.537,0.18202,0.18234,0.35,0.43
2017.03.30 14:02:24.896,0.18206,0.18236,0.02,0.59
2017.03.30 14:02:24.947,0.18197,0.1823,0.04,0.39
2017.03.30 14:02:27.112,0.18202,0.18232,0.02,0.40
2017.03.30 14:02:31.914,0.18192,0.18223,0.04,0.29
2017.03.30 14:02:32.015,0.18203,0.18233,0.02,0.69
2017.03.30 14:02:32.524,0.18197,0.18227,0.31,0.42
2017.03.30 14:02:49.569,0.18199,0.18231,0.02,0.42
2017.03.30 14:03:00.328,0.18196,0.18226,0.03,0.39
2017.03.30 14:03:03.787,0.18204,0.18234,0.02,0.61
2017.03.30 14:03:03.838,0.182,0.1823,0.23,0.33
2017.03.30 14:03:03.942,0.18199,0.18229,0.42,0.22
2017.03.30 14:03:04.989,0.18201,0.18231,0.03,0.45
2017.03.30 14:03:05.333,0.18197,0.1823,0.04,0.52
2017.03.30 14:03:06.844,0.18198,0.18231,0.33,0.48
2017.03.30 14:03:07.346,0.18202,0.18232,0.02,0.46
2017.03.30 14:03:13.163,0.18196,0.18226,0.16,0.48
2017.03.30 14:03:16.566,0.18196,0.18226,0.02,0.44
2017.03.30 14:03:22.237,0.18191,0.18222,0.47,0.02
2017.03.30 14:03:22.288,0.18195,0.18225,0.36,0.39
2017.03.30 14:03:22.899,0.18198,0.18228,0.04,0.48
2017.03.30 14:03:39.894,0.18193,0.18226,0.04,0.42
2017.03.30 14:03:42.022,0.18196,0.18226,0.02,0.48
2017.03.30 14:03:44.459,0.18201,0.18231,0.02,0.72
2017.03.30 14:03:44.510,0.18196,0.18229,0.04,0.11
2017.03.30 14:03:44.725,0.18203,0.18233,0.02,0.75
2017.03.30 14:03:45.501,0.18197,0.18229,0.04,0.51
2017.03.30 14:04:01.184,0.18197,0.18229,0.30,0.42
2017.03.30 14:04:01.294,0.18203,0.18233,0.02,0.53
2017.03.30 14:04:07.893,0.18198,0.1823,0.25,0.49
2017.03.30 14:04:10.421,0.18198,0.18229,0.25,0.47
2017.03.30 14:04:10.926,0.182,0.1823,0.02,0.44
2017.03.30 14:04:11.077,0.18195,0.18225,0.33,0.39
2017.03.30 14:04:11.543,0.182,0.1823,0.02,0.65
2017.03.30 14:04:11.709,0.18202,0.18232,0.02,0.69
2017.03.30 14:04:37.792,0.18197,0.18229,0.32,0.37
2017.03.30 14:04:38.129,0.18197,0.18227,0.29,0.34
2017.03.30 14:04:44.661,0.182,0.1823,0.02,0.50
2017.03.30 14:04:44.971,0.18193,0.18223,0.39,0.40
2017.03.30 14:04:54.281,0.18189,0.18221,0.02,0.40
2017.03.30 14:04:54.337,0.18181,0.18211,0.48,0.02
2017.03.30 14:05:15.103,0.18195,0.18225,0.02,0.45
2017.03.30 14:05:15.430,0.18192,0.18222,0.31,0.37
2017.03.30 14:05:33.992,0.182,0.1823,0.02,0.57
2017.03.30 14:05:35.347,0.18189,0.18219,0.39,0.02
2017.03.30 14:05:35.498,0.1819,0.1822,0.04,0.02
2017.03.30 14:05:37.382,0.18196,0.18226,0.02,0.48
2017.03.30 14:06:24.442,0.18188,0.18221,0.04,0.46
2017.03.30 14:06:24.744,0.18189,0.18219,0.04,0.39
2017.03.30 14:06:27.785,0.18192,0.18222,0.04,0.68
2017.03.30 14:06:52.698,0.18184,0.18214,0.03,0.47
2017.03.30 14:06:53.043,0.18185,0.18215,0.14,0.45
2017.03.30 14:06:54.842,0.18179,0.18209,0.11,0.02
2017.03.30 14:06:55.057,0.18192,0.18222,0.02,0.55
2017.03.30 14:07:07.954,0.18194,0.18224,0.02,0.61
2017.03.30 14:07:11.386,0.18192,0.18222,0.04,0.68
2017.03.30 14:07:55.097,0.18189,0.18221,0.02,0.48
2017.03.30 14:08:11.395,0.18184,0.18214,0.41,0.08
2017.03.30 14:08:21.588,0.18184,0.18214,0.48,0.02
2017.03.30 14:08:21.933,0.18194,0.18225,0.02,0.51
2017.03.30 14:08:34.141,0.18191,0.18224,0.51,0.08
2017.03.30 14:08:34.464,0.18196,0.18226,0.31,0.40
2017.03.30 14:08:36.637,0.18189,0.18219,0.49,0.02
2017.03.30 14:08:37.046,0.18193,0.18223,0.45,0.33
2017.03.30 14:08:37.491,0.18196,0.18226,0.02,0.38
2017.03.30 14:08:41.039,0.18184,0.18214,0.52,0.02
2017.03.30 14:08:41.218,0.18197,0.18227,0.02,0.65
2017.03.30 14:08:51.910,0.18187,0.1822,0.04,0.42
2017.03.30 14:08:52.239,0.18189,0.18219,0.08,0.43
2017.03.30 14:08:55.268,0.18192,0.18222,0.04,0.68
2017.03.30 14:09:05.448,0.18176,0.18206,0.47,0.02
2017.03.30 14:09:08.798,0.18186,0.18216,0.02,0.46
2017.03.30 14:09:58.365,0.18179,0.18209,0.33,0.39
2017.03.30 14:10:01.157,0.1818,0.1821,0.32,0.40
2017.03.30 14:10:03.878,0.18179,0.18209,0.39,0.42
2017.03.30 14:10:05.452,0.18179,0.18209,0.39,0.40
2017.03.30 14:10:08.224,0.1819,0.1822,0.02,0.73
2017.03.30 14:10:08.754,0.18181,0.18211,0.15,0.37
2017.03.30 14:10:11.614,0.18186,0.18216,0.02,0.51
2017.03.30 14:10:28.730,0.18179,0.18209,0.33,0.36
2017.03.30 14:10:33.535,0.18179,0.18209,0.07,0.40
2017.03.30 14:10:33.839,0.18176,0.18206,0.30,0.35
2017.03.30 14:10:36.884,0.18182,0.18212,0.04,0.51
2017.03.30 14:11:06.640,0.18175,0.18206,0.33,0.52
2017.03.30 14:11:06.962,0.18171,0.18201,0.34,0.31
2017.03.30 14:11:09.925,0.18176,0.18206,0.02,0.42
2017.03.30 14:11:12.287,0.18181,0.18211,0.02,0.64
2017.03.30 14:11:12.488,0.18172,0.18202,0.30,0.40
2017.03.30 14:11:12.542,0.18176,0.18206,0.17,0.45
2017.03.30 14:11:36.545,0.18185,0.18215,0.02,0.47
2017.03.30 14:11:36.853,0.1818,0.1821,0.35,0.37
2017.03.30 14:11:37.547,0.1818,0.1821,0.04,0.41
2017.03.30 14:11:38.586,0.1819,0.1822,0.02,0.69
2017.03.30 14:11:39.098,0.18181,0.18211,0.19,0.37
2017.03.30 14:11:41.945,0.18186,0.18216,0.02,0.39
2017.03.30 14:12:15.675,0.18182,0.18214,0.02,0.40
2017.03.30 14:12:15.928,0.18179,0.18209,0.04,0.36
2017.03.30 14:12:16.431,0.1818,0.1821,0.15,0.36
2017.03.30 14:12:17.404,0.1818,0.1821,0.04,0.40
2017.03.30 14:12:17.505,0.18171,0.18201,0.42,0.02
2017.03.30 14:12:27.652,0.18187,0.18217,0.02,0.57
2017.03.30 14:12:27.803,0.18181,0.18211,0.04,0.42
2017.03.30 14:12:32.457,0.18175,0.18205,0.54,0.22
2017.03.30 14:12:35.147,0.1818,0.1821,0.27,0.43
2017.03.30 14:12:39.327,0.1818,0.1821,0.04,0.39
2017.03.30 14:12:41.437,0.1818,0.1821,0.30,0.40
2017.03.30 14:12:55.916,0.18182,0.18215,0.06,0.46
2017.03.30 14:12:56.524,0.1818,0.1821,0.04,0.38
2017.03.30 14:12:59.278,0.1818,0.1821,0.04,0.42
2017.03.30 14:13:01.937,0.1818,0.1821,0.30,0.36
2017.03.30 14:13:09.458,0.1818,0.1821,0.17,0.31
2017.03.30 14:13:09.559,0.18184,0.18214,0.36,0.39
2017.03.30 14:13:13.948,0.18185,0.18215,0.16,0.34
2017.03.30 14:13:19.281,0.18185,0.18215,0.04,0.40
2017.03.30 14:13:20.072,0.18185,0.18215,0.22,0.34
2017.03.30 14:13:20.603,0.1818,0.1821,0.39,0.20
2017.03.30 14:13:20.989,0.18178,0.18208,0.49,0.02
2017.03.30 14:13:50.890,0.18189,0.1822,0.02,0.45
2017.03.30 14:14:10.307,0.1819,0.18221,0.02,0.11
2017.03.30 14:14:10.579,0.18183,0.18213,0.04,0.30
2017.03.30 14:14:16.358,0.18194,0.18224,0.02,0.23
2017.03.30 14:14:16.509,0.18189,0.18219,0.02,0.40
2017.03.30 14:14:25.394,0.18194,0.18224,0.02,0.42
2017.03.30 14:14:27.260,0.18192,0.18222,0.02,0.39
2017.03.30 14:14:31.087,0.18188,0.18221,0.04,0.52
2017.03.30 14:14:31.404,0.18188,0.18218,0.04,0.48
2017.03.30 14:14:36.985,0.18183,0.18213,0.46,0.02
2017.03.30 14:14:37.571,0.18194,0.18225,0.02,0.41
2017.03.30 14:14:37.760,0.18192,0.18222,0.21,0.35
2017.03.30 14:14:42.827,0.18192,0.18223,0.18,0.41
2017.03.30 14:14:43.180,0.18186,0.18216,0.31,0.37
2017.03.30 14:14:44.720,0.18186,0.18216,0.13,0.41
2017.03.30 14:15:43.148,0.18187,0.1822,0.28,0.45
2017.03.30 14:16:53.095,0.18186,0.18216,0.15,0.43
2017.03.30 14:16:53.145,0.18184,0.18214,0.05,0.45
2017.03.30 14:16:53.688,0.18184,0.18215,0.02,0.43
2017.03.30 14:16:55.983,0.18182,0.18212,0.35,0.33
2017.03.30 14:17:12.435,0.18182,0.18212,0.13,0.43
2017.03.30 14:17:12.746,0.18178,0.18208,0.07,0.36
2017.03.30 14:17:15.506,0.18163,0.18193,0.54,0.02
2017.03.30 14:17:15.674,0.18179,0.18209,0.02,0.46
2017.03.30 14:17:20.174,0.18179,0.18209,0.02,0.54
2017.03.30 14:17:21.880,0.18174,0.18205,0.04,0.44
2017.03.30 14:17:22.212,0.18172,0.18202,0.33,0.39
2017.03.30 14:17:22.755,0.18172,0.18205,0.36,0.40
2017.03.30 14:17:23.067,0.18179,0.18209,0.09,0.31
2017.03.30 14:17:24.156,0.18177,0.18207,0.02,0.42
2017.03.30 14:17:25.463,0.18179,0.18211,0.39,0.48
2017.03.30 14:17:27.248,0.18174,0.18206,0.02,0.50
2017.03.30 14:17:27.580,0.18163,0.18193,0.21,0.02
2017.03.30 14:17:29.129,0.18176,0.18206,0.02,0.41
2017.03.30 14:17:36.034,0.18174,0.18205,0.26,0.40
2017.03.30 14:18:02.242,0.1817,0.18201,0.02,0.49
2017.03.30 14:18:02.393,0.18163,0.18193,0.47,0.22
2017.03.30 14:18:09.998,0.18172,0.18202,0.02,0.60
2017.03.30 14:18:12.135,0.18168,0.182,0.40,0.72
2017.03.30 14:18:14.155,0.18163,0.18193,0.03,0.44
2017.03.30 14:18:14.306,0.18167,0.18197,0.02,0.61
2017.03.30 14:18:14.407,0.18166,0.18199,0.06,0.07
2017.03.30 14:18:15.014,0.18168,0.18198,0.36,0.39
2017.03.30 14:18:17.445,0.18168,0.18198,0.04,0.42
2017.03.30 14:18:17.693,0.18167,0.18197,0.02,0.60
2017.03.30 14:18:20.182,0.18169,0.18199,0.02,0.47
2017.03.30 14:18:20.530,0.18168,0.18198,0.04,0.43
2017.03.30 14:18:24.744,0.18162,0.18192,0.06,0.06
2017.03.30 14:18:24.895,0.18166,0.18196,0.31,0.42
2017.03.30 14:18:33.112,0.18157,0.1819,0.04,0.45
2017.03.30 14:18:33.684,0.18159,0.18189,0.27,0.39
2017.03.30 14:18:38.082,0.18164,0.18194,0.02,0.54
2017.03.30 14:18:38.425,0.18162,0.18192,0.30,0.34
2017.03.30 14:18:48.288,0.18166,0.18199,0.04,0.13
2017.03.30 14:18:48.549,0.18168,0.18198,0.04,0.39
2017.03.30 14:18:51.963,0.18159,0.18189,0.47,0.02
2017.03.30 14:18:52.014,0.18169,0.18199,0.02,0.52
2017.03.30 14:18:52.168,0.18166,0.18196,0.04,0.36
2017.03.30 14:18:53.561,0.18169,0.18199,0.02,0.69
2017.03.30 14:18:53.930,0.18167,0.18197,0.45,0.45
2017.03.30 14:18:54.140,0.18163,0.18193,0.51,0.42
2017.03.30 14:18:57.941,0.18169,0.18202,0.04,0.39
2017.03.30 14:18:58.092,0.18172,0.18202,0.02,0.59
2017.03.30 14:19:13.573,0.18169,0.18199,0.02,0.51
2017.03.30 14:19:13.804,0.18167,0.18197,0.36,0.40
2017.03.30 14:19:18.503,0.18167,0.18199,0.02,0.42
2017.03.30 14:19:18.587,0.18158,0.18188,0.57,0.02
2017.03.30 14:19:18.974,0.1816,0.1819,0.04,0.02
2017.03.30 14:19:19.075,0.18166,0.18199,0.08,0.41
2017.03.30 14:19:19.326,0.18158,0.18188,0.47,0.02
2017.03.30 14:19:19.477,0.18167,0.182,0.04,0.41
2017.03.30 14:20:15.402,0.18164,0.18194,0.03,0.37
2017.03.30 14:20:15.907,0.18164,0.18194,0.19,0.42
2017.03.30 14:20:22.683,0.18164,0.18194,0.02,0.54
2017.03.30 14:20:23.092,0.18162,0.18192,0.41,0.34
2017.03.30 14:20:26.799,0.18164,0.18194,0.02,0.51
2017.03.30 14:20:27.000,0.18162,0.18192,0.02,0.51
2017.03.30 14:20:29.501,0.18152,0.18182,0.04,0.02
2017.03.30 14:20:29.552,0.18159,0.1819,0.25,0.45
2017.03.30 14:20:29.652,0.18162,0.18192,0.02,0.52
2017.03.30 14:20:31.793,0.18164,0.18194,0.02,0.60
2017.03.30 14:20:32.203,0.18163,0.18193,0.04,0.40
2017.03.30 14:20:35.084,0.18167,0.18197,0.02,0.48
2017.03.30 14:20:52.226,0.18168,0.18198,0.04,0.07
2017.03.30 14:21:03.850,0.18175,0.18205,0.02,0.67
2017.03.30 14:21:04.157,0.1817,0.182,0.32,0.44
2017.03.30 14:21:18.801,0.18177,0.18207,0.02,0.68
2017.03.30 14:21:19.113,0.1817,0.182,0.04,0.42
2017.03.30 14:21:19.623,0.18177,0.18207,0.02,0.69
2017.03.30 14:21:20.126,0.18173,0.18206,0.40,0.38
2017.03.30 14:21:46.719,0.18174,0.18207,0.23,0.51
2017.03.30 14:21:47.024,0.18177,0.1821,0.04,0.09
2017.03.30 14:22:04.179,0.18179,0.18212,0.18,0.11
2017.03.30 14:22:19.021,0.18172,0.18202,0.51,0.02
2017.03.30 14:22:20.291,0.18186,0.18216,0.02,0.46
2017.03.30 14:22:25.427,0.18187,0.18219,0.02,0.56
2017.03.30 14:22:25.830,0.18185,0.18217,0.37,0.38
2017.03.30 14:22:29.822,0.18175,0.18205,0.51,0.02
2017.03.30 14:22:29.872,0.18187,0.1822,0.06,0.49
2017.03.30 14:22:29.981,0.18184,0.18214,0.41,0.31
2017.03.30 14:22:31.953,0.18192,0.18225,0.06,0.46
2017.03.30 14:22:32.057,0.18194,0.18224,0.02,0.46
2017.03.30 14:22:32.615,0.18192,0.18222,0.29,0.34
2017.03.30 14:22:33.169,0.18194,0.18225,0.02,0.37
2017.03.30 14:22:49.910,0.1818,0.1821,0.47,0.02
2017.03.30 14:22:49.960,0.18189,0.18221,0.02,0.39
2017.03.30 14:22:50.152,0.1819,0.1822,0.23,0.33
2017.03.30 14:22:50.261,0.1818,0.1821,0.55,0.02
2017.03.30 14:22:50.312,0.1819,0.1822,0.34,0.40
2017.03.30 14:22:50.431,0.18193,0.18223,0.25,0.43
2017.03.30 14:22:50.731,0.18177,0.18207,0.54,0.02
2017.03.30 14:22:50.882,0.18182,0.18212,0.63,0.02
2017.03.30 14:22:52.985,0.18194,0.18225,0.02,0.48
2017.03.30 14:23:38.614,0.18197,0.18227,0.02,0.49
2017.03.30 14:23:38.665,0.18197,0.1823,0.06,0.49
2017.03.30 14:23:38.715,0.18197,0.18227,0.02,0.46
2017.03.30 14:23:38.766,0.18182,0.18212,0.50,0.02
2017.03.30 14:23:39.275,0.18195,0.18225,0.26,0.45
2017.03.30 14:24:12.310,0.182,0.1823,0.02,0.60
2017.03.30 14:24:14.526,0.18187,0.18217,0.54,0.02
2017.03.30 14:24:14.627,0.18182,0.18212,0.54,0.02
2017.03.30 14:24:16.115,0.18196,0.18226,0.02,0.49
2017.03.30 14:24:53.375,0.182,0.1823,0.02,0.61
2017.03.30 14:25:07.748,0.18186,0.18216,0.48,0.02
2017.03.30 14:25:08.566,0.18195,0.18225,0.32,0.42
2017.03.30 14:25:08.667,0.18197,0.18227,0.18,0.38
2017.03.30 14:25:10.807,0.18197,0.18227,0.02,0.42
2017.03.30 14:25:11.412,0.18196,0.18226,0.02,0.39
2017.03.30 14:25:14.827,0.182,0.1823,0.02,0.65
2017.03.30 14:25:15.135,0.182,0.1823,0.02,0.65
2017.03.30 14:25:15.287,0.18195,0.18225,0.30,0.46
2017.03.30 14:25:23.711,0.18196,0.18226,0.02,0.47
2017.03.30 14:25:59.453,0.182,0.1823,0.02,0.73
2017.03.30 14:25:59.825,0.18199,0.18229,0.02,0.45
2017.03.30 14:25:59.976,0.18199,0.18229,0.19,0.49
2017.03.30 14:26:04.293,0.18205,0.18235,0.02,0.57
2017.03.30 14:26:07.684,0.18202,0.18232,0.04,0.59
2017.03.30 14:26:33.023,0.18204,0.18234,0.02,0.63
2017.03.30 14:26:36.414,0.18202,0.18232,0.04,0.71
2017.03.30 14:26:46.028,0.18199,0.18229,0.03,0.46
2017.03.30 14:26:46.179,0.18203,0.18236,0.04,0.07
2017.03.30 14:27:31.472,0.1821,0.1824,0.02,0.77
2017.03.30 14:27:34.817,0.18206,0.18236,0.02,0.43
2017.03.30 14:27:46.063,0.18206,0.18236,0.02,0.47
2017.03.30 14:28:02.707,0.1821,0.1824,0.02,0.55
2017.03.30 14:28:04.675,0.18212,0.18242,0.02,0.57
2017.03.30 14:28:04.726,0.18204,0.18234,0.28,0.42
2017.03.30 14:28:04.776,0.18204,0.18235,0.29,0.46
2017.03.30 14:28:04.927,0.18212,0.18242,0.02,0.73
2017.03.30 14:29:05.021,0.18209,0.18239,0.04,0.48
2017.03.30 14:29:07.443,0.18209,0.1824,0.04,0.50
2017.03.30 14:29:54.585,0.18208,0.18239,0.34,0.45
2017.03.30 14:29:54.922,0.18209,0.18239,0.02,0.67
2017.03.30 14:29:55.246,0.18204,0.18234,0.21,0.40
2017.03.30 14:30:19.709,0.18197,0.1823,0.04,0.46
2017.03.30 14:30:20.254,0.18198,0.18228,0.36,0.48
2017.03.30 14:30:21.021,0.18207,0.18237,0.02,0.75
2017.03.30 14:30:21.122,0.1819,0.1822,0.21,0.02
2017.03.30 14:30:22.741,0.18204,0.18234,0.02,0.46
2017.03.30 14:30:23.042,0.18203,0.18233,0.04,0.46
2017.03.30 14:30:23.369,0.18198,0.18231,0.08,0.41
2017.03.30 14:30:28.154,0.18193,0.18226,0.04,0.48
2017.03.30 14:30:28.456,0.18196,0.18226,0.04,0.41
2017.03.30 14:30:28.783,0.18192,0.18222,0.39,0.31
2017.03.30 14:30:29.102,0.18195,0.18225,0.10,0.34
2017.03.30 14:30:32.796,0.18199,0.18229,0.02,0.69
2017.03.30 14:30:33.116,0.18198,0.18228,0.27,0.37
2017.03.30 14:30:42.102,0.18194,0.18224,0.04,0.37
2017.03.30 14:30:42.153,0.18194,0.18226,0.04,0.48
2017.03.30 14:30:42.253,0.18185,0.18215,0.57,0.02
2017.03.30 14:30:57.176,0.18182,0.18212,0.57,0.02
2017.03.30 14:30:57.543,0.18192,0.18222,0.02,0.67
2017.03.30 14:31:13.278,0.1819,0.1822,0.12,0.41
2017.03.30 14:31:13.615,0.18193,0.18223,0.32,0.35
2017.03.30 14:31:16.408,0.18202,0.18232,0.02,0.68
2017.03.30 14:31:16.458,0.18197,0.1823,0.04,0.09
2017.03.30 14:32:00.347,0.18204,0.18234,0.02,0.64
2017.03.30 14:32:00.398,0.182,0.18233,0.04,0.09
2017.03.30 14:32:00.499,0.18207,0.18237,0.02,0.59
2017.03.30 14:32:14.668,0.18205,0.18238,0.04,0.11
2017.03.30 14:32:17.681,0.18208,0.18238,0.31,0.48
2017.03.30 14:32:34.471,0.18202,0.18234,0.02,0.41
2017.03.30 14:32:34.974,0.18198,0.18228,0.40,0.25
2017.03.30 14:32:42.292,0.18197,0.18227,0.03,0.06
2017.03.30 14:32:42.393,0.1819,0.1822,0.50,0.02
2017.03.30 14:32:54.667,0.182,0.1823,0.13,0.44
2017.03.30 14:32:55.008,0.18202,0.18232,0.04,0.31
2017.03.30 14:32:56.266,0.18202,0.18233,0.29,0.42
2017.03.30 14:33:04.285,0.18199,0.18229,0.04,0.39
2017.03.30 14:33:04.386,0.18207,0.18237,0.02,0.68
2017.03.30 14:33:34.166,0.18197,0.1823,0.04,0.40
2017.03.30 14:33:34.774,0.18197,0.18227,0.29,0.45
2017.03.30 14:33:37.565,0.182,0.1823,0.02,0.48
2017.03.30 14:33:44.353,0.182,0.18233,0.06,0.07
2017.03.30 14:33:44.837,0.18202,0.18232,0.02,0.68
2017.03.30 14:33:47.836,0.182,0.1823,0.02,0.41
2017.03.30 14:33:58.091,0.18187,0.18217,0.54,0.02
2017.03.30 14:34:12.954,0.18198,0.18228,0.02,0.48
2017.03.30 14:34:13.291,0.18194,0.18224,0.12,0.57
2017.03.30 14:34:14.783,0.18193,0.18223,0.47,0.03
2017.03.30 14:34:17.954,0.182,0.1823,0.02,0.42
2017.03.30 14:35:17.986,0.18199,0.18229,0.02,0.42
2017.03.30 14:35:29.258,0.18197,0.18227,0.12,0.39
2017.03.30 14:35:37.076,0.18201,0.18231,0.02,0.68
2017.03.30 14:35:37.396,0.18202,0.18232,0.36,0.33
2017.03.30 14:35:39.273,0.18206,0.18236,0.02,0.61
2017.03.30 14:35:44.521,0.18202,0.18234,0.32,0.49
2017.03.30 14:35:44.572,0.18206,0.18238,0.02,0.07
2017.03.30 14:36:37.027,0.18202,0.18235,0.04,0.45
2017.03.30 14:36:37.335,0.18202,0.18232,0.04,0.36
2017.03.30 14:36:40.413,0.18206,0.18236,0.02,0.65
2017.03.30 14:36:42.445,0.18209,0.18239,0.02,0.65
2017.03.30 14:36:43.000,0.18202,0.18232,0.41,0.12
2017.03.30 14:37:39.340,0.1821,0.1824,0.02,0.60
2017.03.30 14:37:39.390,0.18212,0.18243,0.02,0.41
2017.03.30 14:37:39.496,0.18214,0.18244,0.02,0.60
2017.03.30 14:37:40.095,0.18207,0.18237,0.03,0.39
2017.03.30 14:37:40.519,0.18206,0.18236,0.04,0.42
2017.03.30 14:38:39.499,0.18207,0.18237,0.04,0.39
2017.03.30 14:38:40.489,0.18207,0.18237,0.04,0.39
2017.03.30 14:38:44.202,0.18212,0.18242,0.02,0.61
2017.03.30 14:38:44.509,0.18209,0.18239,0.02,0.39
2017.03.30 14:38:44.559,0.18207,0.18237,0.03,0.43
2017.03.30 14:38:49.204,0.1821,0.1824,0.02,0.65
2017.03.30 14:38:50.697,0.18212,0.18242,0.02,0.65
2017.03.30 14:38:50.848,0.18203,0.18233,0.04,0.33
2017.03.30 14:39:14.985,0.18211,0.18241,0.02,0.68
2017.03.30 14:39:15.035,0.18212,0.18243,0.02,0.51
2017.03.30 14:39:15.140,0.18214,0.18244,0.02,0.80
2017.03.30 14:39:17.206,0.18216,0.18246,0.02,0.73
2017.03.30 14:39:18.054,0.18216,0.18248,0.02,0.11
2017.03.30 14:39:18.356,0.18217,0.18247,0.02,0.47
2017.03.30 14:39:18.661,0.18219,0.18249,0.02,0.49
2017.03.30 14:39:19.660,0.1822,0.1825,0.02,0.65
2017.03.30 14:39:22.838,0.18222,0.18252,0.02,0.59
2017.03.30 14:39:22.989,0.18226,0.18256,0.02,0.59
2017.03.30 14:39:29.047,0.18227,0.18257,0.02,0.49
2017.03.30 14:39:29.198,0.18212,0.18242,0.49,0.02
2017.03.30 14:39:29.703,0.18229,0.18259,0.02,0.60
2017.03.30 14:39:29.753,0.18226,0.18258,0.02,0.11
2017.03.30 14:39:31.240,0.1823,0.1826,0.02,0.42
2017.03.30 14:39:40.536,0.18233,0.18263,0.02,0.42
2017.03.30 14:39:40.637,0.18237,0.18267,0.02,0.48
2017.03.30 14:39:42.899,0.18242,0.18272,0.02,0.56
2017.03.30 14:39:42.949,0.18235,0.18268,0.04,0.07
2017.03.30 14:39:43.000,0.1824,0.1827,0.02,0.69
2017.03.30 14:39:43.579,0.18233,0.18263,0.04,0.36
2017.03.30 14:39:43.738,0.18242,0.18272,0.02,0.56
2017.03.30 14:39:45.476,0.18247,0.18277,0.02,0.72
2017.03.30 14:39:45.527,0.18239,0.18272,0.04,0.09
2017.03.30 14:39:45.629,0.18252,0.18282,0.02,0.43
2017.03.30 14:39:45.679,0.18246,0.18276,0.36,0.40
2017.03.30 14:39:45.750,0.18255,0.18285,0.02,0.65
2017.03.30 14:39:45.800,0.18247,0.18278,0.04,0.48
2017.03.30 14:39:45.970,0.18248,0.18278,0.31,0.39
2017.03.30 14:39:46.184,0.18256,0.18286,0.02,0.06
2017.03.30 14:39:46.288,0.18258,0.18288,0.26,0.46
2017.03.30 14:39:46.389,0.18258,0.18288,0.39,0.45
2017.03.30 14:39:46.448,0.18261,0.18291,0.02,0.04
2017.03.30 14:39:46.766,0.18266,0.18299,0.04,0.07
2017.03.30 14:39:46.917,0.18266,0.18296,0.41,0.45
2017.03.30 14:39:47.124,0.18273,0.18305,0.02,0.48
2017.03.30 14:39:47.275,0.18274,0.18304,0.04,0.46
2017.03.30 14:39:47.376,0.18277,0.18307,0.04,0.43
2017.03.30 14:39:47.526,0.18285,0.18315,0.02,0.46
2017.03.30 14:39:48.443,0.18284,0.18314,0.02,0.04
2017.03.30 14:39:48.755,0.18279,0.18309,0.14,0.45
2017.03.30 14:39:48.805,0.18271,0.18301,0.32,0.38
2017.03.30 14:39:48.908,0.18266,0.18297,0.04,0.33
2017.03.30 14:39:49.227,0.18261,0.18291,0.25,0.34
2017.03.30 14:39:49.636,0.18258,0.18288,0.04,0.23
2017.03.30 14:39:49.839,0.18259,0.1829,0.35,0.40
2017.03.30 14:39:49.940,0.18252,0.18285,0.04,0.41
2017.03.30 14:39:50.282,0.18252,0.18282,0.15,0.47
2017.03.30 14:39:50.486,0.18251,0.18281,0.04,0.43
2017.03.30 14:39:50.788,0.18251,0.18281,0.33,0.34
2017.03.30 14:39:51.095,0.18257,0.18287,0.04,0.28
2017.03.30 14:39:51.614,0.18259,0.18289,0.10,0.35
2017.03.30 14:39:54.075,0.18263,0.18293,0.02,0.38
2017.03.30 14:39:54.388,0.18261,0.18293,0.04,0.38
2017.03.30 14:39:55.331,0.18266,0.18296,0.02,0.47
2017.03.30 14:39:55.623,0.18262,0.18292,0.33,0.40
2017.03.30 14:39:55.674,0.18271,0.18301,0.02,0.51
2017.03.30 14:39:55.724,0.18267,0.18297,0.20,0.39
2017.03.30 14:39:56.057,0.18273,0.18303,0.02,0.45
2017.03.30 14:39:56.107,0.18269,0.18302,0.04,0.08
2017.03.30 14:39:56.208,0.18268,0.18298,0.02,0.41
2017.03.30 14:39:56.750,0.18266,0.18296,0.32,0.32
2017.03.30 14:39:57.221,0.18268,0.18298,0.02,0.38
2017.03.30 14:39:57.372,0.18266,0.18296,0.02,0.47
2017.03.30 14:39:58.074,0.18251,0.18281,0.49,0.02
2017.03.30 14:39:58.125,0.18256,0.18287,0.04,0.28
2017.03.30 14:39:58.657,0.18252,0.18282,0.34,0.33
2017.03.30 14:39:59.804,0.18251,0.18281,0.03,0.05
2017.03.30 14:39:59.855,0.18258,0.18288,0.02,0.47
2017.03.30 14:39:59.956,0.18253,0.18283,0.25,0.44
2017.03.30 14:40:00.498,0.18256,0.18286,0.02,0.46
2017.03.30 14:40:01.317,0.18256,0.18289,0.04,0.09
2017.03.30 14:40:01.368,0.18256,0.18286,0.07,0.31
2017.03.30 14:40:03.109,0.18263,0.18293,0.02,0.47
2017.03.30 14:40:03.421,0.18267,0.18297,0.04,0.35
2017.03.30 14:40:04.431,0.18267,0.18299,0.15,0.42
2017.03.30 14:40:06.611,0.18268,0.18301,0.04,0.08
2017.03.30 14:40:07.005,0.18267,0.18297,0.33,0.34
2017.03.30 14:40:07.312,0.18276,0.18306,0.02,0.49
2017.03.30 14:40:08.076,0.18272,0.18302,0.37,0.38
2017.03.30 14:40:08.787,0.18267,0.183,0.04,0.43
2017.03.30 14:40:08.913,0.18271,0.18301,0.02,0.44
2017.03.30 14:40:08.964,0.18268,0.18298,0.33,0.29
2017.03.30 14:40:09.014,0.1827,0.18303,0.04,0.09
2017.03.30 14:40:09.534,0.18272,0.18304,0.30,0.36
2017.03.30 14:40:10.089,0.18272,0.18305,0.08,0.07
2017.03.30 14:40:10.391,0.18273,0.18303,0.35,0.33
2017.03.30 14:40:11.011,0.18267,0.183,0.04,0.34
2017.03.30 14:40:11.062,0.18274,0.18304,0.02,0.37
2017.03.30 14:40:11.162,0.18266,0.18297,0.04,0.33
2017.03.30 14:40:11.762,0.18274,0.18304,0.02,0.55
2017.03.30 14:40:11.913,0.18276,0.18306,0.02,0.46
2017.03.30 14:40:12.363,0.18275,0.18308,0.04,0.07
2017.03.30 14:40:13.572,0.18272,0.18302,0.04,0.39
2017.03.30 14:40:13.676,0.18264,0.18294,0.53,0.02
2017.03.30 14:40:14.819,0.18281,0.18311,0.02,0.37
2017.03.30 14:40:14.870,0.18276,0.18309,0.04,0.08
2017.03.30 14:40:15.479,0.18277,0.18307,0.40,0.34
2017.03.30 14:40:17.484,0.18286,0.18316,0.02,0.46
2017.03.30 14:40:17.535,0.1828,0.18313,0.04,0.08
2017.03.30 14:40:19.436,0.18278,0.18308,0.17,0.41
2017.03.30 14:40:19.759,0.18282,0.18312,0.28,0.34
2017.03.30 14:40:20.176,0.18277,0.18307,0.04,0.04
2017.03.30 14:40:20.394,0.1828,0.18313,0.04,0.08
2017.03.30 14:40:20.495,0.18286,0.18316,0.02,0.45
2017.03.30 14:40:21.086,0.18282,0.18312,0.34,0.33
2017.03.30 14:40:22.739,0.18283,0.18316,0.04,0.09
2017.03.30 14:40:22.840,0.18279,0.18309,0.39,0.23
2017.03.30 14:40:23.753,0.18291,0.18321,0.02,0.51
2017.03.30 14:40:24.083,0.18287,0.18317,0.25,0.39
2017.03.30 14:40:24.184,0.18284,0.18317,0.04,0.08
2017.03.30 14:40:24.302,0.18277,0.18307,0.42,0.02
2017.03.30 14:40:24.615,0.18279,0.18309,0.40,0.16
2017.03.30 14:40:24.952,0.18291,0.18321,0.02,0.52
2017.03.30 14:40:26.756,0.18274,0.18304,0.52,0.02
2017.03.30 14:40:26.833,0.18286,0.18316,0.15,0.45
2017.03.30 14:40:27.803,0.18276,0.18309,0.04,0.31
2017.03.30 14:40:28.105,0.18273,0.18303,0.04,0.32
2017.03.30 14:40:28.677,0.18264,0.18294,0.44,0.02
2017.03.30 14:40:28.728,0.18263,0.18296,0.04,0.09
2017.03.30 14:40:28.880,0.18274,0.18304,0.24,0.40
2017.03.30 14:40:28.984,0.18265,0.18295,0.12,0.30
2017.03.30 14:40:29.819,0.18265,0.18296,0.30,0.45
2017.03.30 14:40:30.138,0.18273,0.18303,0.02,0.49
2017.03.30 14:40:30.239,0.18276,0.18306,0.02,0.52
2017.03.30 14:40:30.289,0.18267,0.18297,0.13,0.30
2017.03.30 14:40:30.522,0.18273,0.18304,0.04,0.43
2017.03.30 14:40:30.872,0.18275,0.18305,0.26,0.32
2017.03.30 14:40:31.186,0.18279,0.18312,0.04,0.36
2017.03.30 14:40:31.516,0.1828,0.1831,0.26,0.46
2017.03.30 14:40:32.060,0.18281,0.18313,0.08,0.40
2017.03.30 14:40:33.851,0.18276,0.18307,0.04,0.14
2017.03.30 14:40:34.158,0.18276,0.18307,0.37,0.49
2017.03.30 14:40:34.468,0.18272,0.18302,0.04,0.34
2017.03.30 14:40:36.283,0.18274,0.18307,0.04,0.07
2017.03.30 14:40:36.797,0.18278,0.18308,0.04,0.37
2017.03.30 14:40:44.085,0.18264,0.18294,0.46,0.02
2017.03.30 14:40:44.186,0.18276,0.18306,0.37,0.47
2017.03.30 14:40:46.635,0.18266,0.18299,0.04,0.46
2017.03.30 14:40:46.940,0.18268,0.18298,0.28,0.32
2017.03.30 14:40:47.786,0.18269,0.18302,0.04,0.07
2017.03.30 14:40:48.137,0.18272,0.18302,0.15,0.36
2017.03.30 14:40:50.324,0.18265,0.18298,0.04,0.45
2017.03.30 14:40:50.443,0.18271,0.18301,0.38,0.45
2017.03.30 14:40:50.547,0.18259,0.18289,0.07,0.02
2017.03.30 14:40:50.597,0.18263,0.18293,0.28,0.46
2017.03.30 14:40:50.725,0.18271,0.18301,0.02,0.46
2017.03.30 14:40:50.876,0.18266,0.18296,0.02,0.46
2017.03.30 14:40:51.635,0.18258,0.18288,0.04,0.24
2017.03.30 14:40:52.237,0.18259,0.18289,0.03,0.37
2017.03.30 14:40:52.741,0.18263,0.18293,0.27,0.48
2017.03.30 14:40:53.560,0.18268,0.18298,0.02,0.43
2017.03.30 14:40:53.610,0.18263,0.18296,0.40,0.37
2017.03.30 14:40:53.715,0.18264,0.18294,0.04,0.32
2017.03.30 14:40:54.100,0.18254,0.18284,0.38,0.02
2017.03.30 14:40:56.449,0.18257,0.18287,0.04,0.33
2017.03.30 14:40:56.760,0.1826,0.1829,0.39,0.39
2017.03.30 14:40:57.094,0.1826,0.18293,0.42,0.39
2017.03.30 14:40:59.189,0.18256,0.18286,0.48,0.02
2017.03.30 14:40:59.500,0.18268,0.18298,0.09,0.30
2017.03.30 14:41:00.725,0.18266,0.18296,0.27,0.42
2017.03.30 14:41:01.237,0.18259,0.18289,0.07,0.02
2017.03.30 14:41:01.287,0.1826,0.18291,0.04,0.04
2017.03.30 14:41:02.884,0.18268,0.18298,0.02,0.43
2017.03.30 14:41:02.935,0.18264,0.18294,0.04,0.43
2017.03.30 14:41:03.035,0.18267,0.18297,0.37,0.33
2017.03.30 14:41:12.603,0.18262,0.18293,0.04,0.30
2017.03.30 14:41:13.283,0.18266,0.18296,0.02,0.45
2017.03.30 14:41:17.418,0.18255,0.18288,0.04,0.23
2017.03.30 14:41:17.970,0.18259,0.18289,0.35,0.42
2017.03.30 14:41:21.275,0.18259,0.18292,0.41,0.43
2017.03.30 14:41:21.604,0.18261,0.18291,0.31,0.42
2017.03.30 14:41:22.168,0.18263,0.18293,0.02,0.44
2017.03.30 14:41:22.460,0.18261,0.18291,0.02,0.49
2017.03.30 14:41:25.597,0.18263,0.18293,0.02,0.49
2017.03.30 14:41:25.970,0.18262,0.18292,0.31,0.33
2017.03.30 14:41:26.277,0.18256,0.18289,0.06,0.40
2017.03.30 14:41:26.386,0.18261,0.18291,0.32,0.50
2017.03.30 14:41:27.017,0.18258,0.1829,0.29,0.45
2017.03.30 14:41:27.336,0.18262,0.18292,0.08,0.37
2017.03.30 14:41:28.118,0.18255,0.18288,0.04,0.48
2017.03.30 14:41:28.292,0.18258,0.18288,0.34,0.35
2017.03.30 14:41:29.470,0.18255,0.18288,0.04,0.41
2017.03.30 14:41:29.621,0.18261,0.18291,0.38,0.46
2017.03.30 14:41:32.850,0.18259,0.18291,0.04,0.44
2017.03.30 14:41:33.285,0.18261,0.18291,0.36,0.30
2017.03.30 14:41:34.312,0.18256,0.18289,0.04,0.36
2017.03.30 14:41:38.727,0.18251,0.18283,0.02,0.45
2017.03.30 14:41:38.778,0.18251,0.18283,0.02,0.45
2017.03.30 14:41:39.306,0.18254,0.18284,0.04,0.48
2017.03.30 14:42:00.115,0.18246,0.18276,0.03,0.03
2017.03.30 14:42:00.462,0.18252,0.18282,0.04,0.36
2017.03.30 14:42:01.066,0.18247,0.18277,0.03,0.03
2017.03.30 14:42:20.484,0.18241,0.18271,0.49,0.02
2017.03.30 14:42:20.794,0.18252,0.18282,0.34,0.29
2017.03.30 14:42:21.267,0.18256,0.18287,0.37,0.42
2017.03.30 14:42:31.524,0.18256,0.18287,0.28,0.43
2017.03.30 14:42:34.944,0.18251,0.18282,0.04,0.12
2017.03.30 14:42:39.731,0.18261,0.18291,0.02,0.65
2017.03.30 14:42:39.782,0.18255,0.18288,0.04,0.11
2017.03.30 14:42:40.310,0.18257,0.18289,0.42,0.43
2017.03.30 14:43:05.570,0.18263,0.18293,0.02,0.46
2017.03.30 14:43:05.928,0.18262,0.18292,0.29,0.28
2017.03.30 14:43:15.696,0.18258,0.18288,0.03,0.29
2017.03.30 14:43:16.010,0.18266,0.18296,0.02,0.60
2017.03.30 14:43:16.874,0.18251,0.18281,0.49,0.02
2017.03.30 14:43:17.211,0.18258,0.18289,0.24,0.43
2017.03.30 14:43:20.997,0.1826,0.18293,0.04,0.11
2017.03.30 14:43:21.702,0.18262,0.18293,0.11,0.41
2017.03.30 14:43:22.032,0.18258,0.18288,0.42,0.48
2017.03.30 14:43:35.345,0.18263,0.18293,0.02,0.67
2017.03.30 14:43:37.340,0.18257,0.18287,0.03,0.28
2017.03.30 14:43:37.665,0.1826,0.1829,0.04,0.40
2017.03.30 14:43:38.065,0.18266,0.18296,0.02,0.69
2017.03.30 14:43:38.596,0.18261,0.18291,0.15,0.37
2017.03.30 14:43:38.779,0.18263,0.18293,0.02,0.64
2017.03.30 14:43:38.930,0.18261,0.18291,0.02,0.49
2017.03.30 14:43:52.122,0.18266,0.18296,0.02,0.64
2017.03.30 14:43:52.172,0.18259,0.18292,0.04,0.11
2017.03.30 14:43:52.273,0.18252,0.18282,0.04,0.02
2017.03.30 14:43:52.424,0.18258,0.18288,0.37,0.36
2017.03.30 14:44:02.117,0.18263,0.18293,0.02,0.69
2017.03.30 14:44:02.167,0.18259,0.18292,0.12,0.46
2017.03.30 14:44:02.270,0.18266,0.18296,0.02,0.68
2017.03.30 14:44:03.104,0.18263,0.18293,0.02,0.67
2017.03.30 14:44:03.510,0.18266,0.18296,0.02,0.64
2017.03.30 14:44:03.561,0.18259,0.18291,0.25,0.42
2017.03.30 14:44:04.746,0.18255,0.18285,0.03,0.06
2017.03.30 14:44:04.797,0.18263,0.18293,0.02,0.41
2017.03.30 14:44:04.850,0.18249,0.18279,0.47,0.02
2017.03.30 14:44:07.236,0.18244,0.18274,0.46,0.02
2017.03.30 14:44:07.613,0.18256,0.18287,0.02,0.45
2017.03.30 14:44:07.728,0.18261,0.18291,0.02,0.65
2017.03.30 14:44:08.255,0.18257,0.18287,0.36,0.49
2017.03.30 14:44:18.550,0.18244,0.18274,0.50,0.02
2017.03.30 14:44:18.736,0.18256,0.18287,0.06,0.38
2017.03.30 14:44:25.607,0.18254,0.18284,0.03,0.36
2017.03.30 14:44:27.175,0.18266,0.18296,0.02,0.63
2017.03.30 14:44:27.226,0.18259,0.18292,0.04,0.09
2017.03.30 14:44:27.877,0.18262,0.18292,0.04,0.35
2017.03.30 14:44:46.869,0.18256,0.18288,0.02,0.11
2017.03.30 14:44:47.072,0.18255,0.18285,0.16,0.36
2017.03.30 14:44:47.316,0.18253,0.18284,0.02,0.42
2017.03.30 14:44:47.467,0.18244,0.18274,0.47,0.02
2017.03.30 14:44:48.830,0.18254,0.18287,0.04,0.11
2017.03.30 14:44:49.146,0.18261,0.18291,0.02,0.68
2017.03.30 14:44:49.804,0.18257,0.18288,0.04,0.45
2017.03.30 14:44:55.920,0.18252,0.18282,0.05,0.03
2017.03.30 14:44:56.529,0.1825,0.1828,0.03,0.36
2017.03.30 14:45:08.429,0.18258,0.18288,0.02,0.37
2017.03.30 14:45:08.775,0.18257,0.18287,0.30,0.36
2017.03.30 14:45:12.917,0.18259,0.18292,0.04,0.11
2017.03.30 14:45:13.491,0.18257,0.18287,0.51,0.15
2017.03.30 14:45:17.041,0.18268,0.18298,0.02,0.59
2017.03.30 14:45:29.195,0.18266,0.18296,0.02,0.75
2017.03.30 14:45:49.531,0.18261,0.18292,0.30,0.41
2017.03.30 14:45:49.809,0.1826,0.18292,0.40,0.49
2017.03.30 14:46:00.160,0.18256,0.18288,0.02,0.46
2017.03.30 14:46:00.261,0.18256,0.18287,0.02,0.48
2017.03.30 14:46:01.324,0.18259,0.18292,0.04,0.11
2017.03.30 14:46:01.684,0.1826,0.1829,0.34,0.41
2017.03.30 14:46:02.586,0.18261,0.18293,0.02,0.43
2017.03.30 14:46:03.350,0.18263,0.18293,0.07,0.41
2017.03.30 14:46:03.963,0.18265,0.18297,0.04,0.46
2017.03.30 14:46:05.077,0.18268,0.18298,0.02,0.38
2017.03.30 14:46:12.362,0.18268,0.18301,0.04,0.09
2017.03.30 14:46:13.864,0.18276,0.18306,0.02,0.53
2017.03.30 14:46:14.187,0.18278,0.18308,0.02,0.49
2017.03.30 14:46:15.014,0.18264,0.18294,0.51,0.02
2017.03.30 14:46:15.326,0.18271,0.18301,0.33,0.46
2017.03.30 14:46:16.117,0.18272,0.18302,0.02,0.49
2017.03.30 14:46:37.292,0.18276,0.18306,0.02,0.50
2017.03.30 14:46:37.624,0.18275,0.18307,0.41,0.46
2017.03.30 14:46:55.707,0.18275,0.18305,0.04,0.48
2017.03.30 14:46:56.077,0.18271,0.18301,0.26,0.45
2017.03.30 14:46:57.563,0.18272,0.18304,0.36,0.46
2017.03.30 14:46:57.725,0.18273,0.18303,0.31,0.47
2017.03.30 14:47:05.708,0.18276,0.18306,0.02,0.68
2017.03.30 14:47:06.222,0.18275,0.18305,0.04,0.37
2017.03.30 14:47:06.554,0.18273,0.18303,0.38,0.42
2017.03.30 14:47:07.342,0.18274,0.18304,0.28,0.45
2017.03.30 14:47:08.082,0.18261,0.18291,0.47,0.02
2017.03.30 14:47:15.293,0.18271,0.18301,0.02,0.48
2017.03.30 14:47:15.457,0.18268,0.18298,0.02,0.40
2017.03.30 14:47:16.665,0.18273,0.18303,0.02,0.73
2017.03.30 14:47:16.976,0.18268,0.18298,0.02,0.34
2017.03.30 14:47:17.527,0.18268,0.18298,0.10,0.43
2017.03.30 14:47:48.975,0.18262,0.18293,0.02,0.11
2017.03.30 14:47:49.296,0.18261,0.18291,0.19,0.37
2017.03.30 14:47:51.826,0.18262,0.18292,0.02,0.49
2017.03.30 14:48:02.687,0.18264,0.18297,0.04,0.09
2017.03.30 14:48:13.109,0.18263,0.18293,0.02,0.35
2017.03.30 14:48:13.297,0.18263,0.18293,0.40,0.40
2017.03.30 14:48:15.982,0.18264,0.18294,0.21,0.49
2017.03.30 14:48:22.581,0.18263,0.18293,0.04,0.38
2017.03.30 14:48:26.092,0.18259,0.18289,0.18,0.39
2017.03.30 14:48:26.475,0.18261,0.18292,0.24,0.51
2017.03.30 14:48:32.957,0.18257,0.18289,0.02,0.37
2017.03.30 14:48:33.108,0.18257,0.18287,0.04,0.40
2017.03.30 14:48:35.876,0.18241,0.18271,0.45,0.02
2017.03.30 14:48:35.927,0.18255,0.18285,0.21,0.35
2017.03.30 14:48:36.029,0.18256,0.18287,0.32,0.38
2017.03.30 14:48:39.450,0.18244,0.18274,0.41,0.02
2017.03.30 14:48:39.819,0.18241,0.18271,0.21,0.02
2017.03.30 14:48:40.536,0.18253,0.18283,0.02,0.40
2017.03.30 14:48:41.749,0.18254,0.18287,0.04,0.39
2017.03.30 14:48:53.511,0.18252,0.18284,0.02,0.40
2017.03.30 14:48:53.826,0.18249,0.18279,0.03,0.39
2017.03.30 14:48:53.956,0.1825,0.1828,0.30,0.37
2017.03.30 14:48:56.367,0.18253,0.18284,0.02,0.42
2017.03.30 14:48:58.771,0.18253,0.18283,0.02,0.43
2017.03.30 14:48:58.822,0.18248,0.18278,0.03,0.39
2017.03.30 14:48:59.131,0.18247,0.18277,0.02,0.47
2017.03.30 14:49:08.086,0.18251,0.18281,0.02,0.46
2017.03.30 14:49:10.804,0.18254,0.18284,0.02,0.45
2017.03.30 14:49:47.512,0.18249,0.18279,0.10,0.49
2017.03.30 14:49:47.853,0.18251,0.18282,0.04,0.45
2017.03.30 14:50:17.228,0.18256,0.18286,0.02,0.69
2017.03.30 14:50:18.619,0.18259,0.18289,0.02,0.69
2017.03.30 14:50:19.169,0.1826,0.1829,0.02,0.67
2017.03.30 14:50:20.007,0.18252,0.18282,0.03,0.36
2017.03.30 14:50:20.262,0.18247,0.18277,0.51,0.02
2017.03.30 14:50:20.526,0.18254,0.18284,0.02,0.37
2017.03.30 14:50:21.062,0.18256,0.18286,0.02,0.59
2017.03.30 14:50:27.441,0.18254,0.18284,0.06,0.04
2017.03.30 14:50:27.592,0.18242,0.18272,0.48,0.02
2017.03.30 14:50:37.459,0.18256,0.18288,0.02,0.11
2017.03.30 14:50:39.905,0.1826,0.1829,0.02,0.50
2017.03.30 14:50:43.748,0.18261,0.18291,0.02,0.44
2017.03.30 14:50:43.853,0.18247,0.18277,0.64,0.02
2017.03.30 14:50:44.356,0.18249,0.18279,0.73,0.02
2017.03.30 14:50:44.406,0.18261,0.18292,0.02,0.11
2017.03.30 14:50:44.507,0.18252,0.18282,0.69,0.02
2017.03.30 14:50:49.390,0.18266,0.18296,0.02,0.64
2017.03.30 14:51:06.554,0.18264,0.18294,0.04,0.57
2017.03.30 14:51:06.605,0.18249,0.18279,0.61,0.02
2017.03.30 14:51:06.968,0.18256,0.18286,0.37,0.39
2017.03.30 14:51:09.971,0.1826,0.1829,0.02,0.37
2017.03.30 14:51:11.627,0.1826,0.18293,0.06,0.07
2017.03.30 14:51:11.885,0.18266,0.18296,0.02,0.56
2017.03.30 14:51:30.613,0.18254,0.18284,0.72,0.02
2017.03.30 14:51:43.765,0.18249,0.18279,0.65,0.02
2017.03.30 14:51:43.853,0.18252,0.18282,0.45,0.02
2017.03.30 14:51:44.005,0.18259,0.18289,0.31,0.45
2017.03.30 14:51:46.238,0.18256,0.18286,0.05,0.34
2017.03.30 14:51:57.579,0.18254,0.18285,0.02,0.39
2017.03.30 14:51:57.730,0.1825,0.1828,0.46,0.33
2017.03.30 14:52:05.294,0.18257,0.18287,0.02,0.64
2017.03.30 14:52:27.810,0.18255,0.18288,0.04,0.07
2017.03.30 14:52:29.938,0.18258,0.18288,0.04,0.38
2017.03.30 14:52:40.567,0.18252,0.18285,0.04,0.48
2017.03.30 14:52:40.915,0.18262,0.18292,0.02,0.67
2017.03.30 14:52:47.689,0.18252,0.18284,0.04,0.47
2017.03.30 14:52:47.799,0.18257,0.18287,0.02,0.63
2017.03.30 14:52:54.635,0.18254,0.18287,0.04,0.09
2017.03.30 14:52:54.965,0.18256,0.18286,0.33,0.32
2017.03.30 14:52:56.789,0.18258,0.18288,0.04,0.42
2017.03.30 14:53:09.934,0.18264,0.18294,0.02,0.63
2017.03.30 14:53:10.445,0.1826,0.1829,0.39,0.28
2017.03.30 14:53:12.099,0.18262,0.18292,0.04,0.39
2017.03.30 14:53:13.489,0.18264,0.18294,0.02,0.42
2017.03.30 14:53:13.818,0.18257,0.18287,0.10,0.47
2017.03.30 14:53:15.926,0.18264,0.18294,0.02,0.73
2017.03.30 14:53:15.976,0.18262,0.18292,0.04,0.11
2017.03.30 14:53:16.150,0.18259,0.18289,0.29,0.37
2017.03.30 14:53:16.881,0.18264,0.18294,0.02,0.68
2017.03.30 14:53:17.033,0.1825,0.1828,0.64,0.02
2017.03.30 14:53:17.370,0.18258,0.18291,0.08,0.42
2017.03.30 14:53:18.211,0.18254,0.18284,0.45,0.46
2017.03.30 14:53:18.541,0.18261,0.18291,0.30,0.38
2017.03.30 14:53:20.606,0.18262,0.18292,0.04,0.50
2017.03.30 14:53:29.607,0.18256,0.18289,0.04,0.36
2017.03.30 14:53:29.957,0.18256,0.18286,0.12,0.39
2017.03.30 14:53:35.602,0.18251,0.18281,0.04,0.02
2017.03.30 14:53:35.911,0.18253,0.18283,0.37,0.38
2017.03.30 14:53:36.256,0.18262,0.18292,0.02,0.59
2017.03.30 14:53:57.585,0.18259,0.18289,0.02,0.40
2017.03.30 14:53:57.917,0.18251,0.18281,0.13,0.31
2017.03.30 14:54:26.356,0.18251,0.18281,0.02,0.34
2017.03.30 14:54:26.407,0.18249,0.1828,0.04,0.38
2017.03.30 14:54:26.508,0.18248,0.18278,0.20,0.39
2017.03.30 14:54:29.453,0.18247,0.1828,0.04,0.09
2017.03.30 14:54:29.799,0.18237,0.18267,0.72,0.02
2017.03.30 14:54:42.082,0.1825,0.18283,0.04,0.11
2017.03.30 14:55:02.951,0.18245,0.18275,0.75,0.02
2017.03.30 14:55:03.162,0.18242,0.18272,0.64,0.02
2017.03.30 14:55:03.732,0.18251,0.18281,0.05,0.36
2017.03.30 14:55:04.864,0.18249,0.1828,0.04,0.42
2017.03.30 14:55:04.982,0.1825,0.1828,0.27,0.39
2017.03.30 14:55:07.217,0.18245,0.18275,0.03,0.36
2017.03.30 14:55:09.471,0.18254,0.18284,0.02,0.69
2017.03.30 14:55:09.906,0.18251,0.18281,0.02,0.46
2017.03.30 14:55:10.542,0.18249,0.18279,0.02,0.43
2017.03.30 14:55:10.853,0.18251,0.18281,0.02,0.46
2017.03.30 14:55:10.954,0.18254,0.18284,0.02,0.67
2017.03.30 14:55:22.876,0.18251,0.18281,0.02,0.45
2017.03.30 14:55:23.280,0.18246,0.18276,0.07,0.38
2017.03.30 14:55:26.250,0.18246,0.18276,0.05,0.49
2017.03.30 14:56:08.162,0.18243,0.18273,0.41,0.42
2017.03.30 14:56:09.330,0.18246,0.18277,0.02,0.45
2017.03.30 14:56:09.719,0.18245,0.18275,0.04,0.31
2017.03.30 14:56:21.914,0.18236,0.18269,0.04,0.09
2017.03.30 14:56:30.033,0.18232,0.18262,0.04,0.02
2017.03.30 14:56:30.185,0.18227,0.18257,0.64,0.02
2017.03.30 14:56:31.796,0.18244,0.18274,0.02,0.63
2017.03.30 14:56:31.846,0.18239,0.18272,0.04,0.11
2017.03.30 14:56:40.674,0.18236,0.18266,0.03,0.37
2017.03.30 14:56:40.775,0.18227,0.18257,0.28,0.02
2017.03.30 14:56:44.027,0.18236,0.18266,0.33,0.34
2017.03.30 14:57:00.482,0.18241,0.18273,0.02,0.47
2017.03.30 14:57:00.638,0.18244,0.18274,0.02,0.80
2017.03.30 14:57:25.562,0.18232,0.18262,0.72,0.02
2017.03.30 14:57:29.588,0.18244,0.18274,0.02,0.61
2017.03.30 14:57:35.079,0.18235,0.18268,0.04,0.41
2017.03.30 14:57:35.130,0.18236,0.18266,0.39,0.16
2017.03.30 14:57:35.302,0.18236,0.18266,0.04,0.37
2017.03.30 14:57:39.358,0.18232,0.18262,0.03,0.30
2017.03.30 14:57:39.459,0.18239,0.18269,0.02,0.55
2017.03.30 14:57:45.834,0.18231,0.18264,0.04,0.47
2017.03.30 14:57:46.015,0.18234,0.18264,0.02,0.49
2017.03.30 14:57:46.558,0.18231,0.18261,0.34,0.37
2017.03.30 14:57:47.845,0.18236,0.18267,0.02,0.40
2017.03.30 14:57:48.150,0.18231,0.18261,0.39,0.45
2017.03.30 14:57:50.270,0.18224,0.18257,0.04,0.31
2017.03.30 14:57:50.421,0.1822,0.1825,0.42,0.36
2017.03.30 14:57:51.880,0.18231,0.18261,0.02,0.65
2017.03.30 14:57:52.316,0.18228,0.18258,0.44,0.23
2017.03.30 14:57:53.122,0.18234,0.18264,0.02,0.67
2017.03.30 14:57:54.622,0.18231,0.18261,0.02,0.49
2017.03.30 14:57:55.134,0.18217,0.18247,0.52,0.02
2017.03.30 14:57:55.396,0.18231,0.18261,0.02,0.56
2017.03.30 14:57:55.497,0.18231,0.18263,0.02,0.38
2017.03.30 14:57:55.548,0.18234,0.18264,0.02,0.63
2017.03.30 14:57:55.669,0.18229,0.18259,0.05,0.35
2017.03.30 14:57:55.820,0.18234,0.18264,0.02,0.60
2017.03.30 14:57:58.967,0.18226,0.18256,0.04,0.33
2017.03.30 14:58:00.586,0.18234,0.18264,0.02,0.64
2017.03.30 14:58:00.960,0.18223,0.18253,0.32,0.19
2017.03.30 14:58:01.461,0.18229,0.18259,0.30,0.38
2017.03.30 14:58:03.158,0.18232,0.18262,0.02,0.61
2017.03.30 14:58:03.508,0.18231,0.18261,0.30,0.36
2017.03.30 14:58:04.917,0.18226,0.18256,0.04,0.31
2017.03.30 14:58:05.262,0.18222,0.18252,0.08,0.15
2017.03.30 14:58:06.735,0.18232,0.18262,0.02,0.71
2017.03.30 14:58:07.042,0.18232,0.18262,0.36,0.35
2017.03.30 14:58:07.371,0.18229,0.1826,0.02,0.49
2017.03.30 14:58:07.586,0.18227,0.18257,0.26,0.04
2017.03.30 14:58:10.855,0.18229,0.18262,0.04,0.07
2017.03.30 14:58:20.048,0.18239,0.18269,0.02,0.69
2017.03.30 14:58:20.165,0.18234,0.18267,0.04,0.07
2017.03.30 14:58:28.592,0.18231,0.18264,0.04,0.45
2017.03.30 14:58:29.047,0.18232,0.18262,0.04,0.49
2017.03.30 14:58:40.034,0.18234,0.18267,0.04,0.11
2017.03.30 14:58:40.656,0.18235,0.18265,0.33,0.40
2017.03.30 14:58:45.256,0.18235,0.18265,0.38,0.42
2017.03.30 14:58:45.592,0.18232,0.18262,0.26,0.43
2017.03.30 14:58:54.528,0.18235,0.18268,0.04,0.07
2017.03.30 14:58:56.168,0.18237,0.1827,0.04,0.09
2017.03.30 14:58:56.503,0.18239,0.18269,0.30,0.54
2017.03.30 14:58:59.234,0.18232,0.18265,0.04,0.41
2017.03.30 14:58:59.609,0.18232,0.18262,0.34,0.45
2017.03.30 14:59:00.579,0.18237,0.18268,0.02,0.42
2017.03.30 14:59:00.752,0.18239,0.18269,0.02,0.69
2017.03.30 14:59:01.096,0.18237,0.18267,0.02,0.40
2017.03.30 14:59:01.247,0.18239,0.18269,0.02,0.57
2017.03.30 14:59:01.399,0.18235,0.18265,0.04,0.40
2017.03.30 14:59:02.150,0.18239,0.18269,0.02,0.39
2017.03.30 14:59:04.151,0.18237,0.18267,0.02,0.47
2017.03.30 14:59:04.490,0.18236,0.18266,0.38,0.41
2017.03.30 14:59:09.716,0.18237,0.18267,0.02,0.56
2017.03.30 14:59:09.866,0.18239,0.18269,0.02,0.42
2017.03.30 14:59:16.628,0.18235,0.18266,0.30,0.47
2017.03.30 14:59:16.970,0.18235,0.18268,0.29,0.41
2017.03.30 14:59:23.222,0.18237,0.18267,0.02,0.48
2017.03.30 14:59:23.272,0.18231,0.18261,0.34,0.24
2017.03.30 14:59:23.712,0.18239,0.18269,0.02,0.61
2017.03.30 14:59:32.349,0.18242,0.18272,0.02,0.64
2017.03.30 14:59:32.853,0.18232,0.18265,0.04,0.43
2017.03.30 14:59:32.955,0.18234,0.18264,0.41,0.34
2017.03.30 14:59:33.198,0.1824,0.1827,0.02,0.69
2017.03.30 14:59:33.248,0.18235,0.18268,0.08,0.45
2017.03.30 14:59:33.349,0.18242,0.18272,0.02,0.65
2017.03.30 14:59:34.833,0.18232,0.18265,0.04,0.40
2017.03.30 14:59:34.936,0.18225,0.18255,0.69,0.02
2017.03.30 14:59:48.952,0.18232,0.18265,0.04,0.11
2017.03.30 14:59:49.329,0.18235,0.18267,0.20,0.49
2017.03.30 14:59:50.087,0.18236,0.18268,0.14,0.50
2017.03.30 14:59:55.714,0.18231,0.18264,0.04,0.41
