2015.09.18 09:00:09.959,0.15175,0.15205,0.04,0.21
2015.09.18 09:00:11.348,0.15177,0.15207,0.02,0.18
2015.09.18 09:00:42.070,0.15176,0.15206,0.08,0.02
2015.09.18 09:00:44.388,0.15176,0.15206,0.02,0.02
2015.09.18 09:00:49.209,0.15174,0.15204,0.02,0.02
2015.09.18 09:00:51.052,0.15169,0.15199,0.02,0.02
2015.09.18 09:00:51.103,0.1517,0.152,0.22,0.04
2015.09.18 09:00:51.308,0.15174,0.15204,0.02,0.24
2015.09.18 09:00:53.063,0.15175,0.15205,0.02,0.19
2015.09.18 09:01:01.372,0.15176,0.15206,0.02,0.22
2015.09.18 09:01:01.422,0.15173,0.15203,0.06,0.02
2015.09.18 09:01:09.111,0.15177,0.15207,0.02,0.25
2015.09.18 09:01:09.162,0.15179,0.15209,0.02,0.24
2015.09.18 09:01:14.702,0.15178,0.15208,0.02,0.15
2015.09.18 09:01:28.892,0.15177,0.15207,0.02,0.02
2015.09.18 09:01:29.166,0.15176,0.15206,0.02,0.23
2015.09.18 09:01:29.287,0.15173,0.15203,0.06,0.02
2015.09.18 09:01:31.225,0.15179,0.15209,0.02,0.31
2015.09.18 09:02:11.010,0.15181,0.15211,0.04,0.19
2015.09.18 09:02:11.394,0.15183,0.15213,0.02,0.17
2015.09.18 09:02:14.832,0.15184,0.15214,0.02,0.21
2015.09.18 09:02:18.721,0.15181,0.15211,0.06,0.02
2015.09.18 09:02:19.046,0.15187,0.15217,0.02,0.22
2015.09.18 09:02:22.621,0.1519,0.1522,0.02,0.20
2015.09.18 09:02:39.222,0.15189,0.15219,0.02,0.10
2015.09.18 09:02:49.191,0.15192,0.15222,0.02,0.33
2015.09.18 09:02:49.443,0.15193,0.15223,0.02,0.20
2015.09.18 09:02:50.841,0.15191,0.15221,0.04,0.17
2015.09.18 09:02:51.161,0.15191,0.15221,0.04,0.09
2015.09.18 09:02:51.418,0.1519,0.1522,0.02,0.19
2015.09.18 09:02:53.061,0.1519,0.1522,0.02,0.21
2015.09.18 09:03:33.346,0.15191,0.15221,0.04,0.04
2015.09.18 09:03:33.447,0.15194,0.15224,0.02,0.21
2015.09.18 09:03:38.727,0.15194,0.15224,0.02,0.21
2015.09.18 09:03:41.730,0.1519,0.1522,0.02,0.04
2015.09.18 09:03:41.936,0.1519,0.1522,0.02,0.07
2015.09.18 09:03:44.775,0.15185,0.15215,0.25,0.02
2015.09.18 09:03:46.454,0.15182,0.15212,0.06,0.17
2015.09.18 09:03:46.555,0.15187,0.15217,0.02,0.19
2015.09.18 09:03:49.430,0.15184,0.15214,0.02,0.02
2015.09.18 09:03:49.926,0.15187,0.15217,0.02,0.02
2015.09.18 09:03:59.092,0.15187,0.15217,0.04,0.02
2015.09.18 09:03:59.625,0.15188,0.15218,0.02,0.02
2015.09.18 09:04:00.490,0.15182,0.15212,0.26,0.02
2015.09.18 09:04:04.129,0.1519,0.1522,0.02,0.18
2015.09.18 09:04:20.323,0.15191,0.15221,0.02,0.23
2015.09.18 09:04:26.051,0.15192,0.15222,0.02,0.25
2015.09.18 09:04:26.674,0.15188,0.15218,0.14,0.02
2015.09.18 09:04:46.691,0.15193,0.15223,0.02,0.21
2015.09.18 09:04:49.481,0.15195,0.15225,0.02,0.24
2015.09.18 09:05:04.638,0.15187,0.15217,0.04,0.17
2015.09.18 09:05:04.839,0.15189,0.15219,0.02,0.19
2015.09.18 09:05:11.988,0.15185,0.15215,0.02,0.02
2015.09.18 09:05:19.578,0.15188,0.15218,0.02,0.18
2015.09.18 09:05:20.020,0.15178,0.15208,0.36,0.02
2015.09.18 09:05:21.140,0.15187,0.15217,0.02,0.02
2015.09.18 09:05:21.346,0.15186,0.15216,0.04,0.02
2015.09.18 09:05:22.701,0.15188,0.15218,0.02,0.02
2015.09.18 09:05:23.327,0.15186,0.15216,0.02,0.02
2015.09.18 09:05:24.674,0.15182,0.15212,0.02,0.02
2015.09.18 09:05:27.217,0.1519,0.1522,0.02,0.27
2015.09.18 09:05:31.187,0.15191,0.15221,0.02,0.22
2015.09.18 09:06:10.547,0.15194,0.15224,0.02,0.31
2015.09.18 09:06:10.648,0.1519,0.1522,0.02,0.02
2015.09.18 09:06:17.815,0.15195,0.15225,0.02,0.23
2015.09.18 09:06:17.915,0.15188,0.15218,0.02,0.02
2015.09.18 09:06:21.677,0.15194,0.15224,0.02,0.23
2015.09.18 09:06:29.460,0.15194,0.15224,0.02,0.02
2015.09.18 09:06:29.651,0.1519,0.1522,0.24,0.02
2015.09.18 09:06:30.308,0.15192,0.15222,0.02,0.02
2015.09.18 09:06:30.638,0.15187,0.15217,0.02,0.02
2015.09.18 09:06:33.500,0.15194,0.15224,0.02,0.24
2015.09.18 09:06:38.193,0.15195,0.15225,0.02,0.23
2015.09.18 09:06:38.243,0.15195,0.15225,0.21,0.04
2015.09.18 09:06:38.374,0.152,0.1523,0.02,0.02
2015.09.18 09:06:38.575,0.15198,0.15228,0.02,0.02
2015.09.18 09:06:38.899,0.15199,0.15229,0.02,0.02
2015.09.18 09:06:39.107,0.15199,0.1523,0.02,0.02
2015.09.18 09:06:39.157,0.15198,0.15228,0.16,0.02
2015.09.18 09:06:39.327,0.15196,0.15226,0.22,0.02
2015.09.18 09:06:39.679,0.15187,0.15217,0.24,0.02
2015.09.18 09:06:39.780,0.15191,0.15221,0.02,0.02
2015.09.18 09:06:39.989,0.15192,0.15222,0.21,0.02
2015.09.18 09:06:40.207,0.15188,0.15218,0.26,0.02
2015.09.18 09:06:40.464,0.1519,0.1522,0.23,0.02
2015.09.18 09:06:41.012,0.15194,0.15224,0.18,0.02
2015.09.18 09:06:41.279,0.15193,0.15223,0.05,0.02
2015.09.18 09:06:41.787,0.15194,0.15224,0.18,0.02
2015.09.18 09:06:42.669,0.15194,0.15224,0.04,0.02
2015.09.18 09:06:42.769,0.15191,0.15221,0.16,0.02
2015.09.18 09:06:50.438,0.15186,0.15216,0.23,0.02
2015.09.18 09:06:50.657,0.15192,0.15222,0.13,0.02
2015.09.18 09:06:57.187,0.15195,0.15225,0.02,0.04
2015.09.18 09:06:57.584,0.15194,0.15224,0.17,0.02
2015.09.18 09:06:58.743,0.15191,0.15221,0.24,0.02
2015.09.18 09:06:58.844,0.15191,0.15221,0.02,0.02
2015.09.18 09:06:59.166,0.15191,0.15221,0.04,0.02
2015.09.18 09:07:58.815,0.15191,0.15222,0.04,0.02
2015.09.18 09:08:01.681,0.15191,0.15223,0.25,0.22
2015.09.18 09:08:05.880,0.15191,0.15222,0.25,0.01
2015.09.18 09:08:05.931,0.15191,0.15221,0.25,0.02
2015.09.18 09:08:06.031,0.15181,0.15211,0.25,0.02
2015.09.18 09:08:07.624,0.1518,0.1521,0.08,0.02
2015.09.18 09:08:09.676,0.15184,0.15214,0.02,0.02
2015.09.18 09:08:10.975,0.15188,0.15218,0.02,0.23
2015.09.18 09:08:20.528,0.15185,0.15215,0.02,0.02
2015.09.18 09:08:20.679,0.15175,0.15205,0.24,0.02
2015.09.18 09:08:24.603,0.15181,0.15211,0.02,0.02
2015.09.18 09:08:31.017,0.15182,0.15212,0.17,0.02
2015.09.18 09:08:33.904,0.15185,0.15215,0.02,0.22
2015.09.18 09:09:20.801,0.15183,0.15213,0.04,0.04
2015.09.18 09:09:22.242,0.15184,0.15214,0.02,0.19
2015.09.18 09:09:23.665,0.15182,0.15212,0.04,0.23
2015.09.18 09:09:27.394,0.15183,0.15213,0.04,0.02
2015.09.18 09:09:27.895,0.15184,0.15214,0.02,0.04
2015.09.18 09:09:31.715,0.15183,0.15213,0.04,0.02
2015.09.18 09:09:33.657,0.15184,0.15214,0.02,0.04
2015.09.18 09:09:33.885,0.1518,0.15214,0.02,0.04
2015.09.18 09:09:35.527,0.1518,0.15213,0.02,0.02
2015.09.18 09:09:39.360,0.1518,0.15214,0.02,0.04
2015.09.18 09:09:41.266,0.1518,0.15213,0.02,0.02
2015.09.18 09:09:43.121,0.1518,0.15214,0.02,0.04
2015.09.18 09:09:45.150,0.1518,0.15213,0.02,0.02
2015.09.18 09:09:48.819,0.15181,0.15214,0.02,0.04
2015.09.18 09:09:56.156,0.15181,0.15213,0.02,0.02
2015.09.18 09:09:56.595,0.15185,0.15215,0.02,0.24
2015.09.18 09:09:56.974,0.15179,0.15209,0.28,0.02
2015.09.18 09:10:04.467,0.1519,0.1522,0.02,0.33
2015.09.18 09:10:04.518,0.15185,0.15215,0.02,0.24
2015.09.18 09:10:21.095,0.15187,0.15217,0.02,0.02
2015.09.18 09:10:21.146,0.15185,0.15215,0.10,0.04
2015.09.18 09:10:21.347,0.15175,0.15205,0.27,0.02
2015.09.18 09:10:23.735,0.15177,0.15207,0.25,0.02
2015.09.18 09:10:23.886,0.15189,0.15219,0.02,0.24
2015.09.18 09:10:24.499,0.15181,0.15211,0.02,0.02
2015.09.18 09:10:28.244,0.15185,0.15215,0.02,0.21
2015.09.18 09:10:28.295,0.15186,0.15216,0.02,0.23
2015.09.18 09:10:28.511,0.15175,0.15205,0.28,0.02
2015.09.18 09:10:32.223,0.15184,0.15214,0.02,0.24
2015.09.18 09:10:46.586,0.15182,0.15212,0.12,0.02
2015.09.18 09:10:49.015,0.15183,0.15213,0.02,0.02
2015.09.18 09:10:50.364,0.15184,0.15214,0.02,0.04
2015.09.18 09:11:01.801,0.15183,0.15213,0.02,0.02
2015.09.18 09:11:02.137,0.15176,0.15206,0.29,0.02
2015.09.18 09:11:05.653,0.15185,0.15215,0.02,0.27
2015.09.18 09:11:08.182,0.15178,0.15208,0.25,0.02
2015.09.18 09:11:12.732,0.15185,0.15215,0.02,0.06
2015.09.18 09:11:14.453,0.15186,0.15216,0.02,0.21
2015.09.18 09:11:14.580,0.15183,0.15213,0.06,0.02
2015.09.18 09:11:18.304,0.1519,0.1522,0.02,0.27
2015.09.18 09:11:30.403,0.15186,0.15216,0.04,0.02
2015.09.18 09:11:30.453,0.15184,0.15214,0.02,0.02
2015.09.18 09:11:30.768,0.15175,0.15205,0.30,0.02
2015.09.18 09:11:33.941,0.15181,0.15211,0.16,0.02
2015.09.18 09:11:51.383,0.15182,0.15212,0.02,0.02
2015.09.18 09:11:51.994,0.15181,0.15211,0.02,0.02
2015.09.18 09:11:54.016,0.15182,0.15212,0.21,0.02
2015.09.18 09:11:54.833,0.15181,0.15211,0.04,0.02
2015.09.18 09:12:04.343,0.15182,0.15212,0.16,0.02
2015.09.18 09:12:04.893,0.15185,0.15215,0.02,0.24
2015.09.18 09:12:05.967,0.15185,0.15215,0.02,0.22
2015.09.18 09:12:10.678,0.15183,0.15213,0.04,0.02
2015.09.18 09:12:13.334,0.15183,0.15213,0.02,0.04
2015.09.18 09:12:44.917,0.15185,0.15215,0.02,0.12
2015.09.18 09:12:45.018,0.15188,0.15218,0.02,0.06
2015.09.18 09:12:45.270,0.15181,0.15211,0.23,0.02
2015.09.18 09:12:48.782,0.1519,0.1522,0.02,0.25
2015.09.18 09:12:59.357,0.15192,0.15222,0.02,0.23
2015.09.18 09:12:59.460,0.15188,0.15218,0.02,0.02
2015.09.18 09:13:00.024,0.15185,0.15215,0.02,0.02
2015.09.18 09:13:03.209,0.15189,0.15219,0.02,0.18
2015.09.18 09:13:04.296,0.15183,0.15213,0.02,0.02
2015.09.18 09:13:04.811,0.1518,0.1521,0.02,0.02
2015.09.18 09:13:05.284,0.15184,0.15214,0.02,0.22
2015.09.18 09:13:06.021,0.15179,0.15209,0.29,0.02
2015.09.18 09:13:09.022,0.15186,0.15216,0.02,0.20
2015.09.18 09:13:36.864,0.15184,0.15214,0.02,0.06
2015.09.18 09:13:48.225,0.15185,0.15215,0.02,0.22
2015.09.18 09:13:48.276,0.15179,0.15209,0.26,0.02
2015.09.18 09:13:49.802,0.15181,0.15211,0.02,0.02
2015.09.18 09:13:51.255,0.15184,0.15214,0.02,0.20
2015.09.18 09:13:52.286,0.15187,0.15217,0.02,0.22
2015.09.18 09:13:52.336,0.15185,0.15215,0.02,0.02
2015.09.18 09:13:56.540,0.15186,0.15216,0.02,0.14
2015.09.18 09:13:56.591,0.15184,0.15214,0.04,0.12
2015.09.18 09:13:57.984,0.15181,0.15211,0.02,0.02
2015.09.18 09:14:04.798,0.15186,0.15216,0.02,0.24
2015.09.18 09:14:09.741,0.15182,0.15212,0.27,0.02
2015.09.18 09:14:12.351,0.15184,0.15214,0.02,0.02
2015.09.18 09:14:13.612,0.15185,0.15215,0.02,0.02
2015.09.18 09:14:20.487,0.15187,0.15217,0.05,0.02
2015.09.18 09:14:21.229,0.15186,0.15216,0.23,0.02
2015.09.18 09:14:26.337,0.15185,0.15215,0.25,0.02
2015.09.18 09:14:37.904,0.15189,0.15219,0.02,0.13
2015.09.18 09:14:45.682,0.15189,0.15219,0.02,0.13
2015.09.18 09:14:45.732,0.15186,0.15216,0.02,0.02
2015.09.18 09:14:46.272,0.15182,0.15212,0.13,0.02
2015.09.18 09:14:49.451,0.15185,0.15215,0.02,0.25
2015.09.18 09:14:52.710,0.15178,0.15208,0.23,0.02
2015.09.18 09:14:52.761,0.1519,0.1522,0.02,0.28
2015.09.18 09:14:52.862,0.15181,0.15211,0.23,0.02
2015.09.18 09:15:05.619,0.15192,0.15222,0.02,0.27
2015.09.18 09:15:05.720,0.15183,0.15213,0.08,0.02
2015.09.18 09:15:06.337,0.15186,0.15216,0.18,0.02
2015.09.18 09:15:08.149,0.15188,0.15218,0.02,0.08
2015.09.18 09:15:08.250,0.1519,0.1522,0.02,0.04
2015.09.18 09:15:08.857,0.15187,0.15217,0.02,0.02
2015.09.18 09:15:09.689,0.15189,0.15219,0.02,0.02
2015.09.18 09:15:09.791,0.15185,0.15215,0.14,0.02
2015.09.18 09:15:10.100,0.15187,0.15217,0.02,0.02
2015.09.18 09:15:10.666,0.1519,0.1522,0.02,0.02
2015.09.18 09:15:11.361,0.15191,0.15221,0.02,0.08
2015.09.18 09:15:13.436,0.15187,0.15217,0.21,0.02
2015.09.18 09:15:13.969,0.15188,0.15218,0.02,0.02
2015.09.18 09:15:28.312,0.15186,0.15216,0.12,0.02
2015.09.18 09:15:29.712,0.15182,0.15212,0.24,0.02
2015.09.18 09:15:30.945,0.15186,0.15216,0.02,0.02
2015.09.18 09:15:33.538,0.15185,0.15215,0.04,0.02
2015.09.18 09:15:34.242,0.15186,0.15216,0.02,0.02
2015.09.18 09:15:40.458,0.15185,0.15215,0.04,0.02
2015.09.18 09:15:41.753,0.15187,0.15217,0.02,0.02
2015.09.18 09:15:42.681,0.15185,0.15215,0.02,0.02
2015.09.18 09:15:43.502,0.15186,0.15216,0.22,0.02
2015.09.18 09:15:44.049,0.15184,0.15214,0.02,0.02
2015.09.18 09:15:45.794,0.15187,0.15217,0.02,0.02
2015.09.18 09:15:46.417,0.15184,0.15214,0.02,0.02
2015.09.18 09:15:48.823,0.15187,0.15217,0.02,0.02
2015.09.18 09:15:51.858,0.15186,0.15216,0.22,0.02
2015.09.18 09:15:55.659,0.15187,0.15217,0.10,0.02
2015.09.18 09:15:57.965,0.15184,0.15214,0.20,0.02
2015.09.18 09:15:58.471,0.15181,0.15211,0.02,0.02
2015.09.18 09:16:02.031,0.15181,0.15211,0.04,0.02
2015.09.18 09:16:26.600,0.15181,0.15211,0.02,0.02
2015.09.18 09:16:33.985,0.15184,0.15214,0.02,0.26
2015.09.18 09:17:20.091,0.1519,0.1522,0.02,0.25
2015.09.18 09:17:20.313,0.15185,0.15215,0.02,0.04
2015.09.18 09:17:58.847,0.15195,0.15225,0.02,0.34
2015.09.18 09:17:58.898,0.1519,0.1522,0.02,0.26
2015.09.18 09:18:50.717,0.15191,0.15221,0.02,0.02
2015.09.18 09:18:59.007,0.15191,0.15221,0.04,0.02
2015.09.18 09:19:06.967,0.15185,0.15215,0.02,0.02
2015.09.18 09:19:07.017,0.15187,0.15217,0.21,0.02
2015.09.18 09:19:07.068,0.15189,0.15219,0.02,0.02
2015.09.18 09:19:17.497,0.15185,0.15215,0.13,0.02
2015.09.18 09:19:20.610,0.15189,0.15219,0.02,0.22
2015.09.18 09:19:25.870,0.15191,0.15221,0.02,0.22
2015.09.18 09:19:26.021,0.15185,0.15215,0.25,0.02
2015.09.18 09:19:29.605,0.15194,0.15224,0.02,0.25
2015.09.18 09:20:08.918,0.15192,0.15222,0.04,0.02
2015.09.18 09:20:09.025,0.15199,0.15229,0.02,0.21
2015.09.18 09:20:09.227,0.15194,0.15224,0.02,0.02
2015.09.18 09:20:23.869,0.15205,0.15235,0.02,0.08
2015.09.18 09:20:29.214,0.15205,0.15235,0.02,0.24
2015.09.18 09:20:29.265,0.15205,0.15235,0.02,0.24
2015.09.18 09:20:30.865,0.15201,0.15231,0.21,0.02
2015.09.18 09:20:39.948,0.15202,0.15232,0.02,0.02
2015.09.18 09:20:40.451,0.15201,0.15231,0.23,0.02
2015.09.18 09:20:48.428,0.15201,0.15231,0.02,0.02
2015.09.18 09:20:48.529,0.15198,0.15228,0.02,0.02
2015.09.18 09:20:48.648,0.15194,0.15224,0.16,0.02
2015.09.18 09:20:52.341,0.15195,0.15225,0.27,0.02
2015.09.18 09:20:53.493,0.1519,0.1522,0.08,0.02
2015.09.18 09:20:54.046,0.15194,0.15224,0.23,0.02
2015.09.18 09:20:55.343,0.15194,0.15224,0.16,0.02
2015.09.18 09:20:55.647,0.15196,0.15226,0.20,0.02
2015.09.18 09:20:56.156,0.15195,0.15225,0.25,0.02
2015.09.18 09:20:57.554,0.15196,0.15226,0.02,0.02
2015.09.18 09:21:01.515,0.15195,0.15225,0.02,0.02
2015.09.18 09:21:01.856,0.15194,0.15224,0.04,0.02
2015.09.18 09:21:02.303,0.15195,0.15225,0.21,0.02
2015.09.18 09:21:05.291,0.15193,0.15223,0.02,0.02
2015.09.18 09:21:06.638,0.15195,0.15225,0.02,0.02
2015.09.18 09:21:08.435,0.15192,0.15222,0.26,0.02
2015.09.18 09:21:08.485,0.15197,0.15227,0.18,0.02
2015.09.18 09:21:09.299,0.15198,0.15228,0.02,0.02
2015.09.18 09:21:13.318,0.15205,0.15235,0.01,0.17
2015.09.18 09:21:13.369,0.15199,0.15229,0.02,0.02
2015.09.18 09:21:13.419,0.15215,0.15245,0.02,0.28
2015.09.18 09:21:13.470,0.1521,0.1524,0.02,0.26
2015.09.18 09:21:14.498,0.1521,0.1524,0.06,0.02
2015.09.18 09:21:19.844,0.15211,0.15241,0.02,0.02
2015.09.18 09:21:36.425,0.15212,0.15242,0.02,0.02
2015.09.18 09:21:36.624,0.15213,0.15243,0.17,0.02
2015.09.18 09:21:37.236,0.15213,0.15243,0.19,0.02
2015.09.18 09:21:37.534,0.15214,0.15244,0.02,0.02
2015.09.18 09:21:38.415,0.15215,0.15245,0.21,0.02
2015.09.18 09:21:45.206,0.15216,0.15246,0.02,0.02
2015.09.18 09:22:00.195,0.15216,0.15246,0.13,0.02
2015.09.18 09:22:00.245,0.15213,0.15243,0.25,0.02
2015.09.18 09:22:00.396,0.15207,0.15237,0.28,0.02
2015.09.18 09:22:01.704,0.15205,0.15235,0.25,0.02
2015.09.18 09:22:02.224,0.15209,0.15239,0.02,0.02
2015.09.18 09:22:02.913,0.15209,0.15239,0.02,0.02
2015.09.18 09:22:03.214,0.15202,0.15232,0.18,0.02
2015.09.18 09:22:04.480,0.15208,0.15238,0.02,0.21
2015.09.18 09:22:04.821,0.1521,0.1524,0.02,0.02
2015.09.18 09:22:11.163,0.15211,0.15241,0.02,0.02
2015.09.18 09:22:11.434,0.15212,0.15242,0.11,0.02
2015.09.18 09:22:16.120,0.15215,0.15245,0.02,0.02
2015.09.18 09:22:16.425,0.15221,0.15251,0.20,0.06
2015.09.18 09:22:16.476,0.15224,0.15254,0.02,0.02
2015.09.18 09:22:22.875,0.15225,0.15255,0.02,0.10
2015.09.18 09:22:30.021,0.15227,0.15257,0.02,0.23
2015.09.18 09:22:30.230,0.15234,0.15264,0.02,0.19
2015.09.18 09:22:30.782,0.1523,0.1526,0.05,0.21
2015.09.18 09:22:31.431,0.15234,0.15264,0.02,0.17
2015.09.18 09:22:35.806,0.15235,0.15265,0.02,0.02
2015.09.18 09:22:37.817,0.15235,0.15265,0.02,0.02
2015.09.18 09:22:41.743,0.15232,0.15269,0.01,0.07
2015.09.18 09:22:41.873,0.15231,0.15271,0.02,0.23
2015.09.18 09:22:41.984,0.15231,0.15268,0.03,0.16
2015.09.18 09:22:43.791,0.15232,0.15268,0.01,0.16
2015.09.18 09:22:44.915,0.15231,0.15268,0.03,0.16
2015.09.18 09:22:44.990,0.15231,0.15271,0.10,0.23
2015.09.18 09:22:45.094,0.15233,0.15271,0.10,0.19
2015.09.18 09:22:45.463,0.15227,0.15264,0.02,0.17
2015.09.18 09:22:49.823,0.15224,0.15264,0.03,0.14
2015.09.18 09:22:49.873,0.15224,0.15262,0.02,0.03
2015.09.18 09:22:50.228,0.15224,0.15259,0.02,0.17
2015.09.18 09:22:51.363,0.15219,0.15259,0.22,0.17
2015.09.18 09:22:51.414,0.15219,0.15257,0.21,0.02
2015.09.18 09:22:51.514,0.15216,0.15255,0.01,0.18
2015.09.18 09:22:52.056,0.15216,0.15253,0.01,0.06
2015.09.18 09:22:52.169,0.15214,0.15253,0.02,0.10
2015.09.18 09:22:52.270,0.15214,0.15251,0.02,0.12
2015.09.18 09:22:52.463,0.15211,0.15251,0.20,0.12
2015.09.18 09:22:59.835,0.15215,0.15251,0.01,0.13
2015.09.18 09:22:59.985,0.15215,0.15253,0.02,0.16
2015.09.18 09:23:00.165,0.15213,0.15252,0.25,0.25
2015.09.18 09:23:02.023,0.15213,0.1525,0.23,0.01
2015.09.18 09:23:02.547,0.15212,0.15251,0.02,0.18
2015.09.18 09:23:03.979,0.15212,0.1525,0.02,0.01
2015.09.18 09:23:06.267,0.15211,0.1525,0.23,0.01
2015.09.18 09:23:06.981,0.15211,0.15251,0.22,0.03
2015.09.18 09:23:09.495,0.15213,0.15252,0.19,0.02
2015.09.18 09:23:10.122,0.15213,0.15253,0.19,0.16
2015.09.18 09:23:11.300,0.15213,0.15252,0.19,0.01
2015.09.18 09:23:12.103,0.15214,0.15253,0.01,0.14
2015.09.18 09:23:12.737,0.15215,0.15253,0.15,0.23
2015.09.18 09:23:15.234,0.15214,0.15252,0.02,0.19
2015.09.18 09:23:15.736,0.15216,0.15248,0.02,0.02
2015.09.18 09:23:16.872,0.15216,0.15248,0.12,0.20
2015.09.18 09:23:19.294,0.15215,0.15248,0.02,0.02
2015.09.18 09:23:19.752,0.15213,0.15247,0.25,0.25
2015.09.18 09:23:22.334,0.15214,0.15248,0.13,0.19
2015.09.18 09:23:22.406,0.15217,0.15249,0.07,0.23
2015.09.18 09:23:25.942,0.15216,0.15248,0.14,0.17
2015.09.18 09:23:26.330,0.15216,0.1525,0.23,0.16
2015.09.18 09:23:27.145,0.15218,0.15249,0.02,0.02
2015.09.18 09:23:27.215,0.1522,0.15252,0.20,0.13
2015.09.18 09:23:28.002,0.1522,0.15254,0.21,0.19
2015.09.18 09:23:28.053,0.15222,0.15254,0.05,0.21
2015.09.18 09:23:28.653,0.15221,0.15253,0.17,0.18
2015.09.18 09:23:30.536,0.15222,0.15254,0.18,0.16
2015.09.18 09:23:32.835,0.15223,0.15257,0.10,0.21
2015.09.18 09:23:32.885,0.15225,0.15257,0.03,0.21
2015.09.18 09:23:33.051,0.15227,0.15261,0.16,0.10
2015.09.18 09:23:33.151,0.15227,0.15259,0.11,0.17
2015.09.18 09:23:34.053,0.15227,0.15261,0.16,0.23
2015.09.18 09:23:34.153,0.15226,0.15259,0.02,0.18
2015.09.18 09:23:36.686,0.15227,0.15259,0.15,0.22
2015.09.18 09:23:39.272,0.15232,0.15262,0.01,0.19
2015.09.18 09:23:39.322,0.15231,0.15265,0.17,0.15
2015.09.18 09:23:39.373,0.15233,0.15265,0.02,0.15
2015.09.18 09:23:39.690,0.15231,0.15261,0.02,0.06
2015.09.18 09:23:39.740,0.15233,0.15265,0.02,0.02
2015.09.18 09:23:40.245,0.15233,0.15264,0.02,0.05
2015.09.18 09:23:40.692,0.15226,0.1526,0.18,0.18
2015.09.18 09:23:42.998,0.15227,0.15261,0.21,0.09
2015.09.18 09:23:43.502,0.15228,0.1526,0.05,0.22
2015.09.18 09:23:47.685,0.15227,0.15259,0.17,0.24
2015.09.18 09:23:48.222,0.15228,0.1526,0.16,0.20
2015.09.18 09:23:49.179,0.15229,0.15261,0.20,0.07
2015.09.18 09:23:49.280,0.15231,0.15265,0.19,0.18
2015.09.18 09:23:50.050,0.15231,0.15263,0.17,0.05
2015.09.18 09:23:50.170,0.15228,0.15261,0.02,0.19
2015.09.18 09:23:50.288,0.1523,0.1526,0.02,0.10
2015.09.18 09:23:50.695,0.15234,0.15264,0.02,0.24
2015.09.18 09:23:52.271,0.15231,0.15261,0.19,0.02
2015.09.18 09:24:00.966,0.15234,0.15264,0.02,0.02
2015.09.18 09:24:01.182,0.15235,0.15265,0.02,0.02
2015.09.18 09:24:04.505,0.15237,0.15267,0.02,0.27
2015.09.18 09:24:05.300,0.15234,0.15264,0.19,0.02
2015.09.18 09:24:06.261,0.15235,0.15265,0.17,0.02
2015.09.18 09:24:06.362,0.15234,0.15264,0.03,0.02
2015.09.18 09:24:06.897,0.15236,0.15266,0.02,0.17
2015.09.18 09:24:14.622,0.15236,0.15266,0.20,0.02
2015.09.18 09:24:16.773,0.15235,0.15265,0.02,0.19
2015.09.18 09:24:17.383,0.15239,0.15269,0.02,0.02
2015.09.18 09:24:21.317,0.1524,0.1527,0.02,0.21
2015.09.18 09:24:23.494,0.15242,0.15272,0.22,0.02
2015.09.18 09:24:23.848,0.1524,0.1527,0.02,0.20
2015.09.18 09:24:23.948,0.15239,0.15269,0.02,0.23
2015.09.18 09:24:24.375,0.15237,0.15267,0.02,0.02
2015.09.18 09:24:25.813,0.15239,0.15269,0.02,0.19
2015.09.18 09:24:26.055,0.15237,0.15267,0.02,0.02
2015.09.18 09:24:27.097,0.15236,0.15266,0.02,0.21
2015.09.18 09:24:36.691,0.15231,0.15261,0.02,0.02
2015.09.18 09:24:41.355,0.15233,0.15263,0.26,0.02
2015.09.18 09:24:41.615,0.1523,0.1526,0.05,0.02
2015.09.18 09:24:41.667,0.15231,0.15261,0.02,0.02
2015.09.18 09:24:42.302,0.15231,0.15261,0.18,0.02
2015.09.18 09:24:42.920,0.15231,0.15261,0.02,0.04
2015.09.18 09:24:42.971,0.15222,0.15252,0.14,0.02
2015.09.18 09:24:43.532,0.15229,0.15259,0.02,0.04
2015.09.18 09:24:45.867,0.15229,0.15259,0.04,0.02
2015.09.18 09:24:46.371,0.1523,0.1526,0.09,0.02
2015.09.18 09:24:47.063,0.15229,0.15259,0.08,0.02
2015.09.18 09:24:55.088,0.15233,0.15263,0.02,0.24
2015.09.18 09:24:55.188,0.15231,0.15261,0.02,0.22
2015.09.18 09:24:58.874,0.15225,0.15255,0.31,0.02
2015.09.18 09:24:59.006,0.1523,0.1526,0.02,0.17
2015.09.18 09:25:00.401,0.15243,0.15273,0.02,0.33
2015.09.18 09:25:00.604,0.15231,0.15261,0.02,0.02
2015.09.18 09:25:00.906,0.15232,0.15262,0.23,0.02
2015.09.18 09:25:04.747,0.15226,0.15256,0.27,0.02
2015.09.18 09:25:07.298,0.15239,0.15269,0.20,0.02
2015.09.18 09:25:07.500,0.15239,0.15269,0.25,0.02
2015.09.18 09:25:07.752,0.15242,0.15272,0.02,0.02
2015.09.18 09:25:09.936,0.15241,0.15271,0.17,0.04
2015.09.18 09:25:10.036,0.15236,0.15266,0.02,0.02
2015.09.18 09:25:10.616,0.15238,0.15268,0.20,0.02
2015.09.18 09:25:12.386,0.15239,0.15269,0.02,0.02
2015.09.18 09:25:12.752,0.15236,0.15266,0.02,0.02
2015.09.18 09:25:13.265,0.15237,0.15267,0.02,0.02
2015.09.18 09:25:14.537,0.15239,0.15269,0.02,0.04
2015.09.18 09:25:14.889,0.15237,0.15267,0.16,0.02
2015.09.18 09:25:15.115,0.15242,0.15272,0.19,0.02
2015.09.18 09:25:15.638,0.15242,0.15272,0.19,0.02
2015.09.18 09:25:15.789,0.1524,0.1527,0.02,0.02
2015.09.18 09:25:15.969,0.15237,0.15267,0.22,0.02
2015.09.18 09:25:26.178,0.15234,0.15264,0.20,0.02
2015.09.18 09:25:27.636,0.15242,0.15272,0.02,0.25
2015.09.18 09:25:27.737,0.15236,0.15266,0.02,0.15
2015.09.18 09:25:27.989,0.15242,0.15272,0.20,0.02
2015.09.18 09:25:33.491,0.15273,0.15303,0.02,0.22
2015.09.18 09:25:33.593,0.1526,0.1529,0.18,0.02
2015.09.18 09:25:33.693,0.15259,0.15289,0.18,0.02
2015.09.18 09:25:33.897,0.15257,0.15293,0.18,0.02
2015.09.18 09:25:33.998,0.15255,0.15289,0.02,0.20
2015.09.18 09:25:34.390,0.1526,0.15292,0.21,0.14
2015.09.18 09:25:34.503,0.15256,0.1529,0.16,0.21
2015.09.18 09:25:34.676,0.15256,0.15288,0.18,0.11
2015.09.18 09:25:35.006,0.15262,0.15294,0.19,0.25
2015.09.18 09:25:35.107,0.15264,0.15298,0.06,0.21
2015.09.18 09:25:35.599,0.15264,0.15296,0.21,0.15
2015.09.18 09:25:35.917,0.15278,0.15312,0.02,0.21
2015.09.18 09:25:36.118,0.15272,0.15313,0.01,0.14
2015.09.18 09:25:36.300,0.1527,0.15313,0.03,0.14
2015.09.18 09:25:36.872,0.15272,0.15313,0.01,0.14
2015.09.18 09:25:37.186,0.1528,0.15315,0.01,0.16
2015.09.18 09:25:37.574,0.15274,0.15315,0.01,0.16
2015.09.18 09:25:38.181,0.15277,0.15315,0.01,0.16
2015.09.18 09:25:38.405,0.15277,0.15317,0.01,0.19
2015.09.18 09:25:38.526,0.15281,0.15321,0.02,0.20
2015.09.18 09:25:38.854,0.15278,0.15316,0.17,0.02
2015.09.18 09:25:40.583,0.15279,0.15316,0.01,0.02
2015.09.18 09:25:43.902,0.15278,0.15316,0.16,0.02
2015.09.18 09:25:44.246,0.15274,0.15312,0.08,0.17
2015.09.18 09:25:44.886,0.15273,0.15311,0.01,0.19
2015.09.18 09:25:45.187,0.1529,0.1532,0.02,0.05
2015.09.18 09:25:45.238,0.1529,0.15326,0.03,0.06
2015.09.18 09:25:45.288,0.15301,0.15331,0.02,0.06
2015.09.18 09:25:45.339,0.15301,0.15341,0.02,0.19
2015.09.18 09:25:45.665,0.15303,0.15338,0.02,0.18
2015.09.18 09:25:45.867,0.15305,0.15341,0.01,0.07
2015.09.18 09:25:46.021,0.15302,0.15341,0.02,0.07
2015.09.18 09:25:46.072,0.15302,0.15339,0.02,0.20
2015.09.18 09:25:46.488,0.15304,0.15338,0.01,0.12
2015.09.18 09:25:46.870,0.15302,0.15338,0.03,0.12
2015.09.18 09:25:49.661,0.15302,0.15334,0.19,0.19
2015.09.18 09:25:50.083,0.15301,0.15331,0.01,0.08
2015.09.18 09:25:50.602,0.15301,0.15331,0.01,0.08
2015.09.18 09:25:51.294,0.153,0.1533,0.01,0.22
2015.09.18 09:25:52.361,0.15296,0.1533,0.17,0.19
2015.09.18 09:25:52.462,0.15291,0.15321,0.04,0.07
2015.09.18 09:25:52.534,0.1529,0.15321,0.01,0.07
2015.09.18 09:25:53.644,0.15289,0.15321,0.07,0.20
2015.09.18 09:25:56.159,0.1529,0.15321,0.01,0.19
2015.09.18 09:25:57.362,0.15289,0.15321,0.01,0.19
2015.09.18 09:25:58.267,0.1529,0.15321,0.01,0.19
2015.09.18 09:25:59.068,0.1529,0.1532,0.01,0.16
2015.09.18 09:25:59.259,0.15285,0.1532,0.01,0.16
2015.09.18 09:25:59.786,0.15284,0.1532,0.01,0.16
2015.09.18 09:25:59.873,0.15287,0.1532,0.01,0.16
2015.09.18 09:26:00.174,0.15283,0.1532,0.01,0.16
2015.09.18 09:26:00.678,0.15283,0.15317,0.01,0.02
2015.09.18 09:26:01.257,0.15284,0.15317,0.01,0.02
2015.09.18 09:26:01.985,0.15281,0.15315,0.01,0.12
2015.09.18 09:26:02.093,0.15281,0.15317,0.01,0.15
2015.09.18 09:26:02.382,0.15279,0.15317,0.01,0.15
2015.09.18 09:26:02.908,0.1528,0.15317,0.01,0.15
2015.09.18 09:26:03.505,0.1528,0.15316,0.01,0.05
2015.09.18 09:26:04.008,0.15277,0.15316,0.01,0.05
2015.09.18 09:26:04.076,0.15277,0.15312,0.01,0.15
2015.09.18 09:26:04.177,0.15281,0.15317,0.01,0.13
2015.09.18 09:26:04.690,0.15283,0.15318,0.01,0.23
2015.09.18 09:26:05.284,0.15283,0.15319,0.01,0.19
2015.09.18 09:26:05.893,0.15281,0.15319,0.01,0.19
2015.09.18 09:26:05.994,0.15281,0.15315,0.01,0.10
2015.09.18 09:26:06.603,0.15281,0.15316,0.01,0.17
2015.09.18 09:26:06.934,0.15279,0.15316,0.01,0.17
2015.09.18 09:26:08.596,0.15279,0.15315,0.01,0.19
2015.09.18 09:26:09.305,0.1528,0.15315,0.01,0.19
2015.09.18 09:26:09.406,0.15278,0.15315,0.03,0.19
2015.09.18 09:26:09.725,0.15278,0.15317,0.03,0.05
2015.09.18 09:26:10.710,0.15279,0.15317,0.03,0.05
2015.09.18 09:26:12.617,0.15278,0.15317,0.03,0.05
2015.09.18 09:26:14.525,0.15279,0.15317,0.03,0.05
2015.09.18 09:26:14.845,0.15279,0.15315,0.03,0.24
2015.09.18 09:26:15.170,0.15279,0.15313,0.03,0.10
2015.09.18 09:26:16.375,0.15278,0.15317,0.01,0.20
2015.09.18 09:26:16.708,0.15278,0.15315,0.01,0.19
2015.09.18 09:26:17.940,0.15278,0.15316,0.01,0.19
2015.09.18 09:26:18.041,0.15276,0.15315,0.01,0.21
2015.09.18 09:26:18.098,0.15276,0.15308,0.19,0.14
2015.09.18 09:26:18.409,0.15278,0.1531,0.18,0.16
2015.09.18 09:26:20.041,0.15278,0.15312,0.21,0.09
2015.09.18 09:26:20.142,0.15283,0.15315,0.02,0.17
2015.09.18 09:26:20.950,0.15284,0.15315,0.01,0.19
2015.09.18 09:26:21.051,0.15284,0.15317,0.01,0.25
2015.09.18 09:26:21.110,0.15287,0.15319,0.05,0.21
2015.09.18 09:26:21.334,0.15285,0.15319,0.15,0.14
2015.09.18 09:26:22.129,0.15282,0.15314,0.12,0.21
2015.09.18 09:26:22.706,0.15281,0.15315,0.07,0.18
2015.09.18 09:26:24.934,0.15281,0.15313,0.13,0.17
2015.09.18 09:26:25.662,0.15282,0.15314,0.11,0.20
2015.09.18 09:26:28.250,0.15279,0.15312,0.01,0.16
2015.09.18 09:26:28.743,0.15281,0.15313,0.13,0.23
2015.09.18 09:26:29.043,0.15279,0.15313,0.20,0.09
2015.09.18 09:26:29.336,0.15281,0.15313,0.19,0.21
2015.09.18 09:26:29.845,0.15281,0.15315,0.15,0.07
2015.09.18 09:26:30.692,0.15282,0.15314,0.17,0.18
2015.09.18 09:26:32.300,0.1528,0.15312,0.18,0.18
2015.09.18 09:26:32.524,0.1528,0.15314,0.21,0.17
2015.09.18 09:26:34.393,0.15283,0.15314,0.01,0.17
2015.09.18 09:26:34.504,0.15284,0.15316,0.12,0.19
2015.09.18 09:26:35.005,0.15283,0.15314,0.05,0.02
2015.09.18 09:26:35.540,0.15283,0.15315,0.20,0.06
2015.09.18 09:26:35.591,0.1528,0.15313,0.03,0.20
2015.09.18 09:26:35.641,0.15282,0.15314,0.12,0.15
2015.09.18 09:26:36.008,0.1528,0.15313,0.03,0.23
2015.09.18 09:26:36.538,0.1528,0.15314,0.05,0.19
2015.09.18 09:26:39.549,0.15279,0.15313,0.24,0.15
2015.09.18 09:26:39.600,0.15281,0.15313,0.17,0.16
2015.09.18 09:26:42.376,0.15282,0.15314,0.10,0.22
2015.09.18 09:26:44.375,0.15284,0.15316,0.03,0.05
2015.09.18 09:26:44.758,0.15287,0.15319,0.17,0.19
2015.09.18 09:26:49.139,0.15286,0.15318,0.21,0.19
2015.09.18 09:26:53.309,0.15287,0.15319,0.02,0.23
2015.09.18 09:26:58.407,0.15286,0.15318,0.24,0.15
2015.09.18 09:27:00.210,0.15284,0.15316,0.25,0.21
2015.09.18 09:27:00.521,0.15287,0.15317,0.01,0.21
2015.09.18 09:27:00.802,0.15287,0.15318,0.01,0.08
2015.09.18 09:27:01.542,0.15286,0.15318,0.19,0.08
2015.09.18 09:27:02.501,0.15285,0.15315,0.01,0.12
2015.09.18 09:27:02.701,0.15286,0.15318,0.03,0.16
2015.09.18 09:27:02.801,0.15286,0.15316,0.01,0.20
2015.09.18 09:27:03.582,0.15286,0.15316,0.01,0.17
2015.09.18 09:27:04.461,0.15286,0.15318,0.20,0.19
2015.09.18 09:27:07.908,0.15283,0.15315,0.23,0.17
2015.09.18 09:27:07.958,0.15283,0.15317,0.27,0.19
2015.09.18 09:27:08.518,0.15284,0.15317,0.03,0.19
2015.09.18 09:27:09.223,0.15283,0.15317,0.27,0.19
2015.09.18 09:27:10.264,0.15284,0.15317,0.03,0.19
2015.09.18 09:27:10.876,0.15283,0.15316,0.01,0.24
2015.09.18 09:27:12.064,0.15281,0.15315,0.26,0.05
2015.09.18 09:27:12.114,0.15281,0.15313,0.12,0.22
2015.09.18 09:27:12.674,0.15283,0.15315,0.06,0.18
2015.09.18 09:27:14.533,0.15283,0.15314,0.03,0.02
2015.09.18 09:27:14.797,0.15284,0.15316,0.11,0.21
2015.09.18 09:27:15.469,0.15283,0.15315,0.24,0.21
2015.09.18 09:27:18.945,0.15283,0.15314,0.01,0.17
2015.09.18 09:27:19.046,0.15281,0.15315,0.22,0.21
2015.09.18 09:27:19.153,0.1528,0.15313,0.01,0.09
2015.09.18 09:27:19.355,0.15282,0.15316,0.21,0.07
2015.09.18 09:27:19.455,0.15284,0.15316,0.14,0.14
2015.09.18 09:27:20.267,0.15284,0.15315,0.01,0.21
2015.09.18 09:27:20.367,0.15281,0.15313,0.20,0.19
2015.09.18 09:27:20.468,0.15283,0.15315,0.05,0.17
2015.09.18 09:27:21.012,0.15282,0.15316,0.19,0.06
2015.09.18 09:27:22.553,0.15282,0.15315,0.01,0.08
2015.09.18 09:27:23.641,0.15282,0.15316,0.22,0.16
2015.09.18 09:27:24.677,0.15283,0.15315,0.19,0.17
2015.09.18 09:27:25.307,0.15284,0.15316,0.12,0.17
2015.09.18 09:27:25.482,0.15284,0.15318,0.07,0.19
2015.09.18 09:27:26.283,0.15283,0.15317,0.20,0.16
2015.09.18 09:27:26.857,0.15284,0.15317,0.01,0.16
2015.09.18 09:27:27.579,0.15283,0.15317,0.20,0.16
2015.09.18 09:27:28.239,0.15284,0.15317,0.01,0.16
2015.09.18 09:27:28.915,0.15283,0.15317,0.20,0.16
2015.09.18 09:27:30.435,0.15283,0.15315,0.01,0.18
2015.09.18 09:27:30.984,0.15283,0.15316,0.01,0.05
2015.09.18 09:27:32.116,0.15283,0.15317,0.19,0.22
2015.09.18 09:27:32.711,0.15284,0.15317,0.01,0.22
2015.09.18 09:27:34.097,0.15283,0.15317,0.19,0.22
2015.09.18 09:27:34.426,0.15284,0.15315,0.01,0.02
2015.09.18 09:27:35.202,0.15283,0.15316,0.03,0.02
2015.09.18 09:27:37.096,0.15284,0.15316,0.02,0.14
2015.09.18 09:27:44.614,0.15283,0.15313,0.01,0.21
2015.09.18 09:27:44.665,0.15279,0.15313,0.23,0.21
2015.09.18 09:27:44.905,0.15281,0.15313,0.19,0.21
2015.09.18 09:27:45.205,0.15279,0.15313,0.06,0.19
2015.09.18 09:27:45.306,0.15281,0.15313,0.26,0.18
2015.09.18 09:27:46.542,0.1528,0.15312,0.12,0.19
2015.09.18 09:27:47.333,0.15281,0.15313,0.24,0.10
2015.09.18 09:27:48.019,0.1528,0.15312,0.15,0.18
2015.09.18 09:27:48.318,0.15281,0.15314,0.02,0.02
2015.09.18 09:27:50.009,0.15278,0.15312,0.03,0.14
2015.09.18 09:27:53.784,0.15279,0.15312,0.02,0.02
2015.09.18 09:27:54.328,0.15278,0.15312,0.15,0.05
2015.09.18 09:27:58.447,0.15279,0.15311,0.06,0.19
2015.09.18 09:27:58.975,0.15277,0.15311,0.19,0.15
2015.09.18 09:28:04.404,0.15278,0.15312,0.10,0.18
2015.09.18 09:28:06.263,0.15279,0.15311,0.21,0.05
2015.09.18 09:28:07.265,0.15276,0.15308,0.22,0.14
2015.09.18 09:28:07.665,0.15279,0.15311,0.02,0.21
2015.09.18 09:28:09.469,0.1528,0.15312,0.14,0.21
2015.09.18 09:28:09.670,0.15278,0.15312,0.17,0.07
2015.09.18 09:28:10.328,0.15279,0.15311,0.17,0.21
2015.09.18 09:28:11.171,0.15277,0.15311,0.22,0.18
2015.09.18 09:28:12.277,0.15277,0.15309,0.18,0.24
2015.09.18 09:28:12.504,0.15277,0.15311,0.14,0.23
2015.09.18 09:28:13.681,0.15278,0.15312,0.06,0.19
2015.09.18 09:28:14.778,0.15277,0.15309,0.19,0.22
2015.09.18 09:28:19.586,0.15276,0.15308,0.16,0.19
2015.09.18 09:28:20.614,0.15272,0.15306,0.23,0.15
2015.09.18 09:28:20.688,0.15272,0.15304,0.21,0.17
2015.09.18 09:28:21.014,0.15274,0.15304,0.01,0.17
2015.09.18 09:28:23.661,0.15273,0.15304,0.01,0.11
2015.09.18 09:28:24.451,0.15274,0.15305,0.01,0.20
2015.09.18 09:28:25.182,0.15273,0.15305,0.01,0.20
2015.09.18 09:28:25.533,0.1527,0.153,0.01,0.19
2015.09.18 09:28:25.684,0.15268,0.153,0.17,0.19
2015.09.18 09:28:25.735,0.15268,0.15302,0.19,0.19
2015.09.18 09:28:26.274,0.15267,0.15301,0.15,0.15
2015.09.18 09:28:27.685,0.15269,0.15301,0.18,0.17
2015.09.18 09:28:28.254,0.1527,0.15302,0.18,0.08
2015.09.18 09:28:29.787,0.1527,0.15304,0.08,0.20
2015.09.18 09:28:30.673,0.1527,0.15302,0.18,0.20
2015.09.18 09:28:31.188,0.15269,0.15301,0.11,0.18
2015.09.18 09:28:33.233,0.15268,0.15302,0.22,0.24
2015.09.18 09:28:33.580,0.1527,0.15302,0.21,0.21
2015.09.18 09:28:33.630,0.1527,0.15304,0.21,0.19
2015.09.18 09:28:33.945,0.1527,0.15302,0.19,0.06
2015.09.18 09:28:34.216,0.15271,0.15305,0.23,0.21
2015.09.18 09:28:35.520,0.15273,0.15305,0.17,0.21
2015.09.18 09:28:36.035,0.15271,0.15305,0.14,0.10
2015.09.18 09:28:36.585,0.15272,0.15306,0.18,0.20
2015.09.18 09:28:37.672,0.15272,0.15304,0.21,0.12
2015.09.18 09:28:41.203,0.15268,0.15302,0.02,0.24
2015.09.18 09:28:41.559,0.15268,0.153,0.19,0.22
2015.09.18 09:28:42.499,0.15265,0.15299,0.15,0.13
2015.09.18 09:28:42.600,0.15263,0.15297,0.02,0.18
2015.09.18 09:28:47.291,0.15262,0.15296,0.20,0.10
2015.09.18 09:28:47.872,0.15263,0.15297,0.21,0.20
2015.09.18 09:28:49.966,0.15265,0.15297,0.01,0.20
2015.09.18 09:28:50.067,0.15263,0.15297,0.20,0.17
2015.09.18 09:28:50.117,0.15267,0.15299,0.13,0.16
2015.09.18 09:28:50.218,0.15265,0.15299,0.18,0.23
2015.09.18 09:28:51.198,0.15263,0.15297,0.18,0.16
2015.09.18 09:28:52.431,0.15263,0.15295,0.20,0.10
2015.09.18 09:28:56.623,0.1526,0.15294,0.24,0.16
2015.09.18 09:28:57.131,0.15261,0.15295,0.14,0.21
2015.09.18 09:28:57.239,0.15264,0.15295,0.02,0.02
2015.09.18 09:28:57.524,0.15262,0.15296,0.19,0.07
2015.09.18 09:29:00.429,0.15261,0.15293,0.22,0.20
2015.09.18 09:29:00.764,0.15259,0.15291,0.18,0.18
2015.09.18 09:29:03.923,0.15259,0.15293,0.21,0.19
2015.09.18 09:29:04.051,0.15262,0.15294,0.22,0.12
2015.09.18 09:29:04.119,0.1526,0.15294,0.08,0.21
2015.09.18 09:29:04.219,0.1526,0.15292,0.21,0.16
2015.09.18 09:29:04.533,0.15258,0.1529,0.20,0.08
2015.09.18 09:29:04.657,0.15258,0.15292,0.02,0.17
2015.09.18 09:29:05.207,0.15257,0.15291,0.18,0.12
2015.09.18 09:29:06.322,0.15258,0.15292,0.11,0.19
2015.09.18 09:29:06.648,0.15266,0.15298,0.09,0.23
2015.09.18 09:29:07.028,0.15267,0.153,0.01,0.04
2015.09.18 09:29:07.524,0.15266,0.15298,0.01,0.13
2015.09.18 09:29:08.267,0.15267,0.15298,0.01,0.19
2015.09.18 09:29:08.326,0.15268,0.153,0.16,0.21
2015.09.18 09:29:08.910,0.15267,0.15299,0.20,0.17
2015.09.18 09:29:09.271,0.15264,0.15296,0.19,0.21
2015.09.18 09:29:09.681,0.15262,0.15296,0.20,0.13
2015.09.18 09:29:10.073,0.15264,0.15295,0.03,0.02
2015.09.18 09:29:10.174,0.15264,0.15298,0.11,0.20
2015.09.18 09:29:10.469,0.15264,0.15296,0.21,0.18
2015.09.18 09:29:10.992,0.15265,0.15297,0.02,0.24
2015.09.18 09:29:11.532,0.15266,0.15298,0.06,0.26
2015.09.18 09:29:12.041,0.15266,0.15297,0.01,0.21
2015.09.18 09:29:12.258,0.15264,0.15298,0.26,0.18
2015.09.18 09:29:13.024,0.15264,0.15296,0.18,0.16
2015.09.18 09:29:14.678,0.15263,0.15296,0.02,0.02
2015.09.18 09:29:15.279,0.15263,0.15297,0.16,0.19
2015.09.18 09:29:16.185,0.15265,0.15299,0.17,0.12
2015.09.18 09:29:17.647,0.15266,0.153,0.16,0.21
2015.09.18 09:29:20.505,0.15267,0.15301,0.08,0.27
2015.09.18 09:29:24.060,0.15266,0.153,0.25,0.10
2015.09.18 09:29:25.516,0.15267,0.153,0.01,0.07
2015.09.18 09:29:26.126,0.15267,0.15299,0.02,0.11
2015.09.18 09:29:26.619,0.15264,0.15297,0.02,0.02
2015.09.18 09:29:26.695,0.15263,0.15295,0.22,0.19
2015.09.18 09:29:27.095,0.15263,0.15297,0.07,0.23
2015.09.18 09:29:27.732,0.15262,0.15296,0.19,0.17
2015.09.18 09:29:37.559,0.15263,0.15296,0.01,0.17
2015.09.18 09:29:37.660,0.15265,0.15299,0.20,0.05
2015.09.18 09:29:38.161,0.15264,0.15298,0.09,0.16
2015.09.18 09:29:38.700,0.15266,0.153,0.19,0.17
2015.09.18 09:29:39.269,0.15267,0.15299,0.18,0.23
2015.09.18 09:29:39.740,0.15265,0.15299,0.22,0.22
2015.09.18 09:29:42.213,0.15264,0.15295,0.02,0.02
2015.09.18 09:29:42.346,0.15263,0.15297,0.16,0.18
2015.09.18 09:29:42.621,0.15265,0.15299,0.17,0.18
2015.09.18 09:29:42.928,0.15264,0.15296,0.13,0.21
2015.09.18 09:29:43.614,0.15263,0.15295,0.10,0.20
2015.09.18 09:29:46.314,0.15262,0.15296,0.19,0.14
2015.09.18 09:29:49.523,0.15263,0.15296,0.01,0.14
2015.09.18 09:29:50.182,0.15264,0.15296,0.19,0.04
2015.09.18 09:29:53.161,0.15263,0.15297,0.13,0.17
2015.09.18 09:29:53.827,0.15264,0.15297,0.01,0.17
2015.09.18 09:29:56.643,0.15263,0.15297,0.12,0.17
2015.09.18 09:29:57.042,0.15265,0.15299,0.18,0.21
2015.09.18 09:29:57.512,0.15262,0.15296,0.22,0.14
2015.09.18 09:30:00.441,0.15263,0.15296,0.01,0.14
2015.09.18 09:30:02.264,0.15262,0.15296,0.22,0.14
2015.09.18 09:30:03.053,0.15262,0.15294,0.18,0.15
2015.09.18 09:30:06.484,0.15264,0.15296,0.02,0.24
2015.09.18 09:30:06.997,0.15266,0.153,0.05,0.23
2015.09.18 09:30:07.571,0.15265,0.15299,0.02,0.17
2015.09.18 09:30:08.328,0.15262,0.15294,0.02,0.18
2015.09.18 09:30:09.090,0.15261,0.15293,0.07,0.21
2015.09.18 09:30:20.926,0.15263,0.15293,0.02,0.21
2015.09.18 09:30:22.040,0.1526,0.1529,0.02,0.20
2015.09.18 09:30:22.573,0.15261,0.15291,0.02,0.20
2015.09.18 09:30:26.341,0.15262,0.15292,0.02,0.17
2015.09.18 09:30:27.565,0.1526,0.1529,0.02,0.15
2015.09.18 09:30:28.127,0.15261,0.15291,0.02,0.08
2015.09.18 09:30:28.882,0.15262,0.15292,0.02,0.24
2015.09.18 09:30:30.953,0.1526,0.1529,0.02,0.19
2015.09.18 09:30:33.493,0.15257,0.15287,0.04,0.02
2015.09.18 09:30:33.871,0.1526,0.1529,0.02,0.25
2015.09.18 09:30:34.062,0.15258,0.1529,0.02,0.25
2015.09.18 09:30:40.097,0.15258,0.15288,0.02,0.21
2015.09.18 09:30:47.231,0.15256,0.15288,0.02,0.10
2015.09.18 09:30:47.331,0.15254,0.15284,0.02,0.19
2015.09.18 09:30:47.873,0.15255,0.15285,0.02,0.23
2015.09.18 09:30:48.344,0.15253,0.15283,0.02,0.20
2015.09.18 09:30:50.550,0.1525,0.15282,0.22,0.13
2015.09.18 09:30:51.054,0.15249,0.1528,0.03,0.20
2015.09.18 09:30:52.126,0.15249,0.15279,0.02,0.16
2015.09.18 09:30:52.719,0.15249,0.1528,0.03,0.18
2015.09.18 09:30:53.737,0.15248,0.1528,0.12,0.18
2015.09.18 09:30:54.166,0.15246,0.15278,0.13,0.20
2015.09.18 09:30:56.277,0.15244,0.15278,0.17,0.12
2015.09.18 09:30:56.378,0.15242,0.15274,0.05,0.21
2015.09.18 09:30:56.847,0.15242,0.15276,0.06,0.17
2015.09.18 09:30:57.572,0.15241,0.15275,0.23,0.17
2015.09.18 09:31:01.046,0.15241,0.15273,0.18,0.06
2015.09.18 09:31:01.247,0.15242,0.15276,0.18,0.23
2015.09.18 09:31:01.865,0.15241,0.15275,0.15,0.23
2015.09.18 09:31:02.046,0.15243,0.15275,0.13,0.19
2015.09.18 09:31:02.446,0.15241,0.15275,0.22,0.17
2015.09.18 09:31:03.154,0.15243,0.15275,0.18,0.22
2015.09.18 09:31:06.448,0.15242,0.15274,0.18,0.10
2015.09.18 09:31:10.136,0.15243,0.15274,0.02,0.10
2015.09.18 09:31:11.187,0.15243,0.15273,0.02,0.19
2015.09.18 09:31:11.513,0.1524,0.1527,0.02,0.20
2015.09.18 09:31:11.564,0.15243,0.15273,0.02,0.18
2015.09.18 09:31:12.201,0.1524,0.15274,0.19,0.15
2015.09.18 09:31:12.301,0.15238,0.1527,0.02,0.18
2015.09.18 09:31:12.862,0.15238,0.15269,0.02,0.05
2015.09.18 09:31:17.245,0.1524,0.1527,0.02,0.18
2015.09.18 09:31:21.237,0.15242,0.15274,0.02,0.19
2015.09.18 09:31:21.739,0.15242,0.15273,0.04,0.02
2015.09.18 09:31:22.992,0.15242,0.15272,0.02,0.16
2015.09.18 09:31:24.982,0.15245,0.15275,0.02,0.21
2015.09.18 09:31:25.521,0.15243,0.15273,0.02,0.24
2015.09.18 09:31:25.848,0.15241,0.15271,0.04,0.02
2015.09.18 09:31:26.647,0.1524,0.1527,0.04,0.08
2015.09.18 09:31:26.940,0.15241,0.15271,0.02,0.18
2015.09.18 09:31:26.991,0.15241,0.15271,0.02,0.19
2015.09.18 09:31:27.526,0.15239,0.15269,0.02,0.21
2015.09.18 09:31:27.627,0.15241,0.15271,0.02,0.22
2015.09.18 09:31:30.665,0.15242,0.15272,0.02,0.22
2015.09.18 09:31:31.518,0.1524,0.1527,0.02,0.21
2015.09.18 09:31:32.181,0.15241,0.15271,0.02,0.19
2015.09.18 09:31:32.819,0.1524,0.1527,0.02,0.17
2015.09.18 09:31:36.272,0.15239,0.15269,0.04,0.19
2015.09.18 09:31:38.237,0.1524,0.1527,0.02,0.06
2015.09.18 09:31:38.887,0.15241,0.15271,0.02,0.20
2015.09.18 09:31:40.675,0.1524,0.15271,0.02,0.20
2015.09.18 09:31:42.291,0.15238,0.15268,0.02,0.26
2015.09.18 09:31:42.483,0.1524,0.1527,0.02,0.20
2015.09.18 09:31:44.525,0.15238,0.1527,0.02,0.20
2015.09.18 09:31:45.301,0.15238,0.15269,0.02,0.06
2015.09.18 09:31:45.665,0.15239,0.15271,0.17,0.16
2015.09.18 09:31:46.506,0.15244,0.15274,0.02,0.16
2015.09.18 09:31:46.707,0.15244,0.15274,0.02,0.02
2015.09.18 09:31:47.281,0.15243,0.15273,0.02,0.22
2015.09.18 09:31:47.871,0.15244,0.15275,0.02,0.19
2015.09.18 09:31:48.276,0.15241,0.15271,0.02,0.18
2015.09.18 09:31:48.931,0.1524,0.1527,0.02,0.11
2015.09.18 09:31:49.704,0.15241,0.15271,0.02,0.22
2015.09.18 09:31:49.805,0.15238,0.15269,0.02,0.18
2015.09.18 09:31:50.530,0.15238,0.1527,0.13,0.14
2015.09.18 09:31:51.378,0.15238,0.15271,0.02,0.20
2015.09.18 09:31:53.615,0.1524,0.15271,0.02,0.20
2015.09.18 09:31:56.807,0.1524,0.1527,0.02,0.20
2015.09.18 09:31:57.465,0.15238,0.15269,0.02,0.12
2015.09.18 09:31:58.290,0.15238,0.1527,0.02,0.22
2015.09.18 09:32:02.209,0.15236,0.1527,0.12,0.22
2015.09.18 09:32:02.260,0.15232,0.15262,0.02,0.06
2015.09.18 09:32:02.462,0.15234,0.15265,0.02,0.15
2015.09.18 09:32:03.956,0.15232,0.15265,0.02,0.02
2015.09.18 09:32:14.118,0.15232,0.15264,0.16,0.22
2015.09.18 09:32:14.218,0.15229,0.15261,0.21,0.06
2015.09.18 09:32:14.418,0.15229,0.15263,0.20,0.21
2015.09.18 09:32:15.644,0.15232,0.15264,0.09,0.18
2015.09.18 09:32:15.923,0.15229,0.15263,0.19,0.22
2015.09.18 09:32:17.630,0.15231,0.15263,0.20,0.08
2015.09.18 09:32:17.798,0.15229,0.15263,0.21,0.19
2015.09.18 09:32:20.485,0.15229,0.15262,0.03,0.02
2015.09.18 09:32:20.686,0.15231,0.15263,0.20,0.19
2015.09.18 09:32:21.770,0.1523,0.15262,0.16,0.12
2015.09.18 09:32:22.171,0.1523,0.15264,0.19,0.23
2015.09.18 09:32:22.692,0.15231,0.15263,0.21,0.26
2015.09.18 09:32:23.073,0.1523,0.15261,0.02,0.02
2015.09.18 09:32:23.173,0.1523,0.15263,0.02,0.02
2015.09.18 09:32:24.682,0.15228,0.15262,0.11,0.22
2015.09.18 09:32:25.315,0.15229,0.15263,0.18,0.22
2015.09.18 09:32:26.807,0.15228,0.1526,0.22,0.21
2015.09.18 09:32:26.908,0.1523,0.15264,0.08,0.20
2015.09.18 09:32:27.009,0.1523,0.15262,0.19,0.21
2015.09.18 09:32:27.108,0.1523,0.15264,0.08,0.21
2015.09.18 09:32:27.709,0.1523,0.15262,0.11,0.16
2015.09.18 09:32:28.217,0.1523,0.15263,0.02,0.02
2015.09.18 09:32:28.536,0.15233,0.15265,0.20,0.18
2015.09.18 09:32:29.655,0.15232,0.15264,0.18,0.04
2015.09.18 09:32:29.713,0.1523,0.15264,0.17,0.23
2015.09.18 09:32:31.000,0.15229,0.15263,0.24,0.16
2015.09.18 09:32:33.189,0.1523,0.15264,0.20,0.20
2015.09.18 09:32:35.260,0.15228,0.15262,0.02,0.14
2015.09.18 09:32:35.607,0.15228,0.1526,0.24,0.17
2015.09.18 09:32:46.278,0.15227,0.1526,0.02,0.02
2015.09.18 09:32:46.885,0.15227,0.15259,0.17,0.16
2015.09.18 09:32:51.490,0.15228,0.15259,0.02,0.02
2015.09.18 09:32:55.682,0.15226,0.1526,0.10,0.19
2015.09.18 09:32:57.894,0.15226,0.15258,0.18,0.13
2015.09.18 09:32:58.294,0.15228,0.15259,0.02,0.02
2015.09.18 09:33:00.825,0.15225,0.15259,0.15,0.05
2015.09.18 09:33:01.359,0.15226,0.1526,0.18,0.21
2015.09.18 09:33:03.935,0.15226,0.15258,0.18,0.02
2015.09.18 09:33:04.035,0.15222,0.15256,0.21,0.19
2015.09.18 09:33:04.810,0.15223,0.15255,0.21,0.19
2015.09.18 09:33:06.825,0.15218,0.1525,0.16,0.12
2015.09.18 09:33:09.262,0.15219,0.15251,0.22,0.20
2015.09.18 09:33:09.656,0.15223,0.15253,0.02,0.13
2015.09.18 09:33:11.479,0.15225,0.15255,0.02,0.14
2015.09.18 09:33:11.794,0.1522,0.1525,0.02,0.11
2015.09.18 09:33:12.244,0.15219,0.15249,0.02,0.02
2015.09.18 09:33:12.395,0.15221,0.15251,0.02,0.02
2015.09.18 09:33:14.131,0.15218,0.15248,0.22,0.02
2015.09.18 09:33:15.005,0.15225,0.15255,0.02,0.19
2015.09.18 09:33:20.604,0.15226,0.15256,0.02,0.23
2015.09.18 09:33:28.769,0.15223,0.15253,0.13,0.02
2015.09.18 09:33:28.972,0.1522,0.1525,0.02,0.13
2015.09.18 09:33:29.074,0.15218,0.15248,0.02,0.02
2015.09.18 09:33:29.225,0.15221,0.15251,0.02,0.02
2015.09.18 09:33:32.634,0.15225,0.15255,0.02,0.22
2015.09.18 09:33:34.918,0.15221,0.15251,0.06,0.02
2015.09.18 09:33:35.019,0.15222,0.15252,0.02,0.21
2015.09.18 09:33:41.064,0.15221,0.15251,0.02,0.21
2015.09.18 09:33:41.793,0.15219,0.15249,0.04,0.02
2015.09.18 09:33:44.484,0.15225,0.15255,0.02,0.18
2015.09.18 09:33:45.116,0.15221,0.15251,0.04,0.02
2015.09.18 09:33:51.535,0.15222,0.15252,0.02,0.02
2015.09.18 09:33:51.865,0.1522,0.1525,0.22,0.02
2015.09.18 09:34:02.514,0.15226,0.15256,0.02,0.18
2015.09.18 09:34:03.504,0.15224,0.15254,0.02,0.09
2015.09.18 09:34:04.018,0.15225,0.15255,0.02,0.02
2015.09.18 09:34:04.370,0.15223,0.15253,0.12,0.02
2015.09.18 09:34:04.983,0.15229,0.15259,0.02,0.23
2015.09.18 09:34:05.083,0.1523,0.1526,0.02,0.18
2015.09.18 09:34:20.668,0.15231,0.15261,0.02,0.20
2015.09.18 09:34:27.849,0.1523,0.1526,0.02,0.21
2015.09.18 09:34:32.262,0.15228,0.15258,0.02,0.19
2015.09.18 09:34:32.568,0.15225,0.15255,0.04,0.02
2015.09.18 09:34:33.567,0.15228,0.15258,0.02,0.22
2015.09.18 09:34:34.047,0.15225,0.15255,0.04,0.02
2015.09.18 09:34:40.690,0.1523,0.1526,0.02,0.28
2015.09.18 09:34:45.749,0.15232,0.15262,0.02,0.22
2015.09.18 09:34:48.053,0.15231,0.15261,0.02,0.20
2015.09.18 09:35:21.992,0.15234,0.15264,0.02,0.27
2015.09.18 09:35:58.051,0.1523,0.1526,0.04,0.11
2015.09.18 09:35:59.472,0.1523,0.1526,0.02,0.13
2015.09.18 09:36:09.056,0.15233,0.15263,0.02,0.25
2015.09.18 09:36:09.278,0.1523,0.1526,0.06,0.02
2015.09.18 09:36:13.018,0.15239,0.15269,0.02,0.24
2015.09.18 09:36:20.614,0.15231,0.15261,0.02,0.02
2015.09.18 09:36:39.181,0.15229,0.15259,0.06,0.11
2015.09.18 09:36:39.835,0.15229,0.15259,0.04,0.20
2015.09.18 09:36:40.474,0.15231,0.15261,0.02,0.22
2015.09.18 09:36:43.021,0.15235,0.15265,0.02,0.25
2015.09.18 09:36:52.072,0.15226,0.15256,0.13,0.02
2015.09.18 09:36:52.273,0.15227,0.15257,0.02,0.19
2015.09.18 09:36:52.614,0.15221,0.15251,0.24,0.02
2015.09.18 09:36:54.693,0.15225,0.15255,0.02,0.19
2015.09.18 09:36:57.795,0.15227,0.15257,0.02,0.26
2015.09.18 09:36:57.896,0.15226,0.15256,0.02,0.02
2015.09.18 09:37:05.352,0.15231,0.15261,0.02,0.25
2015.09.18 09:37:05.403,0.15227,0.15257,0.02,0.20
2015.09.18 09:37:06.023,0.15223,0.15253,0.20,0.02
2015.09.18 09:37:06.689,0.15221,0.15251,0.23,0.02
2015.09.18 09:37:09.201,0.1523,0.1526,0.02,0.23
2015.09.18 09:37:15.923,0.15227,0.15257,0.02,0.23
2015.09.18 09:37:16.031,0.15225,0.15255,0.02,0.02
2015.09.18 09:37:17.830,0.15224,0.15254,0.23,0.02
2015.09.18 09:37:18.016,0.15229,0.15259,0.02,0.23
2015.09.18 09:37:19.486,0.15223,0.15253,0.22,0.02
2015.09.18 09:37:19.952,0.15229,0.15259,0.02,0.23
2015.09.18 09:37:20.786,0.15227,0.15257,0.02,0.21
2015.09.18 09:37:20.886,0.15225,0.15255,0.02,0.09
2015.09.18 09:37:27.800,0.15226,0.15256,0.02,0.09
2015.09.18 09:37:27.910,0.15228,0.15258,0.02,0.23
2015.09.18 09:37:28.560,0.15231,0.15261,0.02,0.23
2015.09.18 09:37:28.804,0.1523,0.1526,0.02,0.22
2015.09.18 09:37:32.411,0.15234,0.15264,0.02,0.25
2015.09.18 09:37:37.360,0.15231,0.15261,0.02,0.23
2015.09.18 09:37:45.180,0.15227,0.15257,0.02,0.19
2015.09.18 09:37:49.570,0.15228,0.15258,0.02,0.18
2015.09.18 09:37:49.690,0.15222,0.15252,0.25,0.02
2015.09.18 09:37:52.441,0.1522,0.1525,0.29,0.02
2015.09.18 09:37:53.438,0.15226,0.15256,0.02,0.21
2015.09.18 09:37:55.091,0.15218,0.15248,0.29,0.02
2015.09.18 09:37:55.300,0.15225,0.15255,0.02,0.02
2015.09.18 09:38:09.091,0.15227,0.15257,0.02,0.24
2015.09.18 09:38:09.600,0.15225,0.15255,0.02,0.09
2015.09.18 09:38:12.930,0.15226,0.15256,0.02,0.24
2015.09.18 09:38:16.890,0.15228,0.15258,0.02,0.26
2015.09.18 09:38:16.990,0.15226,0.15256,0.02,0.24
2015.09.18 09:38:22.060,0.15226,0.15256,0.02,0.24
2015.09.18 09:38:22.161,0.15224,0.15254,0.02,0.02
2015.09.18 09:38:26.789,0.15222,0.15252,0.02,0.04
2015.09.18 09:38:30.420,0.15223,0.15253,0.02,0.25
2015.09.18 09:38:47.803,0.15221,0.15251,0.02,0.18
2015.09.18 09:38:48.147,0.15221,0.15251,0.04,0.08
2015.09.18 09:38:52.080,0.15225,0.15255,0.02,0.22
2015.09.18 09:38:52.932,0.15218,0.15248,0.29,0.02
2015.09.18 09:38:53.488,0.15221,0.15251,0.02,0.19
2015.09.18 09:38:55.029,0.15226,0.15256,0.02,0.21
2015.09.18 09:39:06.390,0.15228,0.15258,0.02,0.18
2015.09.18 09:39:06.472,0.15227,0.15257,0.02,0.18
2015.09.18 09:39:08.154,0.15222,0.15252,0.25,0.02
2015.09.18 09:39:09.549,0.15227,0.15257,0.02,0.18
2015.09.18 09:39:09.931,0.15225,0.15255,0.04,0.02
2015.09.18 09:39:10.289,0.15226,0.15256,0.02,0.18
2015.09.18 09:39:11.873,0.15228,0.15258,0.02,0.18
2015.09.18 09:39:18.789,0.15226,0.15256,0.02,0.18
2015.09.18 09:39:18.840,0.15226,0.15256,0.04,0.18
2015.09.18 09:39:19.164,0.1523,0.1526,0.02,0.19
2015.09.18 09:39:20.834,0.15231,0.15261,0.02,0.19
2015.09.18 09:39:49.303,0.15227,0.15257,0.04,0.05
2015.09.18 09:39:49.767,0.15226,0.15256,0.02,0.20
2015.09.18 09:39:53.139,0.15225,0.15255,0.04,0.12
2015.09.18 09:39:55.443,0.15225,0.15255,0.04,0.12
2015.09.18 09:39:57.002,0.15228,0.15258,0.02,0.24
2015.09.18 09:39:59.489,0.15229,0.15259,0.02,0.24
2015.09.18 09:40:04.005,0.1523,0.1526,0.02,0.26
2015.09.18 09:40:04.735,0.15228,0.15258,0.04,0.18
2015.09.18 09:40:25.184,0.15232,0.15262,0.02,0.23
2015.09.18 09:40:25.565,0.15235,0.15265,0.02,0.21
2015.09.18 09:40:29.040,0.15236,0.15266,0.02,0.19
2015.09.18 09:40:46.927,0.1524,0.1527,0.02,0.37
2015.09.18 09:41:05.504,0.15232,0.15262,0.02,0.20
2015.09.18 09:41:05.655,0.15234,0.15264,0.02,0.24
2015.09.18 09:41:06.058,0.15227,0.15257,0.02,0.15
2015.09.18 09:41:07.359,0.15225,0.15255,0.02,0.02
2015.09.18 09:41:07.527,0.1523,0.1526,0.02,0.24
2015.09.18 09:41:12.087,0.15225,0.15255,0.02,0.21
2015.09.18 09:41:14.617,0.15225,0.15255,0.02,0.11
2015.09.18 09:41:18.946,0.15226,0.15256,0.02,0.19
2015.09.18 09:41:20.887,0.15225,0.15255,0.02,0.11
2015.09.18 09:41:22.317,0.15218,0.15248,0.28,0.02
2015.09.18 09:41:22.477,0.15218,0.15248,0.02,0.14
2015.09.18 09:41:22.577,0.15221,0.15251,0.02,0.22
2015.09.18 09:41:22.889,0.15228,0.15258,0.02,0.28
2015.09.18 09:41:23.040,0.15231,0.15261,0.02,0.29
2015.09.18 09:41:23.141,0.15223,0.15253,0.02,0.19
2015.09.18 09:41:23.197,0.15223,0.15253,0.02,0.19
2015.09.18 09:41:24.627,0.15223,0.15253,0.04,0.19
2015.09.18 09:41:24.730,0.15226,0.15256,0.02,0.24
2015.09.18 09:41:28.957,0.15225,0.15255,0.02,0.02
2015.09.18 09:41:29.278,0.15228,0.15258,0.02,0.19
2015.09.18 09:41:29.379,0.15227,0.15257,0.02,0.02
2015.09.18 09:41:30.097,0.15231,0.15261,0.02,0.02
2015.09.18 09:41:30.478,0.1523,0.1526,0.02,0.02
2015.09.18 09:41:30.649,0.15229,0.15259,0.02,0.18
2015.09.18 09:41:31.368,0.15229,0.15259,0.02,0.18
2015.09.18 09:41:32.557,0.15228,0.15258,0.04,0.04
2015.09.18 09:41:32.809,0.15234,0.15264,0.02,0.02
2015.09.18 09:41:33.373,0.1523,0.1526,0.02,0.20
2015.09.18 09:41:33.993,0.15229,0.15259,0.02,0.20
2015.09.18 09:41:37.267,0.15231,0.15261,0.02,0.12
2015.09.18 09:41:37.318,0.15235,0.15265,0.02,0.01
2015.09.18 09:41:37.588,0.15235,0.15265,0.02,0.13
2015.09.18 09:41:37.688,0.15233,0.15263,0.04,0.13
2015.09.18 09:41:38.663,0.15235,0.15265,0.02,0.14
2015.09.18 09:41:44.134,0.15235,0.15265,0.02,0.12
2015.09.18 09:41:44.288,0.15237,0.15267,0.04,0.02
2015.09.18 09:41:44.339,0.15238,0.15268,0.04,0.22
2015.09.18 09:41:44.690,0.15235,0.15265,0.04,0.02
2015.09.18 09:41:45.091,0.15237,0.15267,0.04,0.19
2015.09.18 09:41:47.087,0.15238,0.15268,0.02,0.21
2015.09.18 09:41:47.287,0.1524,0.1527,0.02,0.05
2015.09.18 09:41:51.264,0.1524,0.1527,0.02,0.01
2015.09.18 09:41:51.634,0.15241,0.15271,0.02,0.05
2015.09.18 09:41:52.569,0.1524,0.1527,0.02,0.13
2015.09.18 09:41:53.473,0.15243,0.15273,0.02,0.22
2015.09.18 09:41:53.526,0.15236,0.15266,0.08,0.16
2015.09.18 09:41:53.827,0.15238,0.15268,0.06,0.21
2015.09.18 09:41:55.897,0.15238,0.15268,0.02,0.23
2015.09.18 09:41:55.976,0.15238,0.15268,0.02,0.23
2015.09.18 09:41:58.294,0.15236,0.15266,0.04,0.19
2015.09.18 09:42:07.363,0.15235,0.15265,0.02,0.12
2015.09.18 09:42:12.692,0.15236,0.15266,0.02,0.22
2015.09.18 09:42:14.377,0.15236,0.15266,0.06,0.20
2015.09.18 09:42:14.935,0.15237,0.15267,0.02,0.02
2015.09.18 09:42:22.266,0.15245,0.15275,0.02,0.23
2015.09.18 09:42:22.317,0.15239,0.15269,0.02,0.15
2015.09.18 09:42:22.959,0.15238,0.15268,0.04,0.02
2015.09.18 09:42:23.256,0.1524,0.1527,0.02,0.18
2015.09.18 09:42:23.983,0.15241,0.15271,0.02,0.21
2015.09.18 09:42:25.465,0.15241,0.15271,0.02,0.19
2015.09.18 09:42:25.566,0.15244,0.15274,0.02,0.02
2015.09.18 09:42:25.876,0.15245,0.15275,0.02,0.02
2015.09.18 09:42:27.590,0.15246,0.15276,0.02,0.19
2015.09.18 09:42:28.660,0.15245,0.15275,0.02,0.24
2015.09.18 09:42:29.188,0.15242,0.15272,0.04,0.15
2015.09.18 09:42:29.840,0.15246,0.15276,0.02,0.18
2015.09.18 09:42:30.828,0.15245,0.15275,0.02,0.21
2015.09.18 09:42:32.614,0.15246,0.15276,0.02,0.02
2015.09.18 09:42:38.412,0.15253,0.15283,0.02,0.17
2015.09.18 09:42:38.462,0.15254,0.15284,0.02,0.17
2015.09.18 09:42:46.292,0.1525,0.1528,0.02,0.10
2015.09.18 09:42:51.746,0.15255,0.15285,0.02,0.21
2015.09.18 09:42:55.611,0.15258,0.15288,0.02,0.29
2015.09.18 09:42:55.662,0.15253,0.15283,0.02,0.23
2015.09.18 09:42:55.816,0.15255,0.15285,0.02,0.21
2015.09.18 09:42:57.664,0.15256,0.15286,0.02,0.21
2015.09.18 09:42:57.721,0.15261,0.15291,0.02,0.21
2015.09.18 09:42:58.065,0.15259,0.15289,0.02,0.21
2015.09.18 09:42:58.582,0.1526,0.1529,0.02,0.06
2015.09.18 09:43:08.254,0.1526,0.1529,0.02,0.16
2015.09.18 09:43:08.550,0.15264,0.15294,0.04,0.18
2015.09.18 09:43:08.600,0.15264,0.15294,0.04,0.18
2015.09.18 09:43:09.209,0.15265,0.15295,0.02,0.21
2015.09.18 09:43:10.375,0.15265,0.15295,0.02,0.14
2015.09.18 09:43:10.726,0.15269,0.15299,0.06,0.19
2015.09.18 09:43:11.031,0.15267,0.15297,0.06,0.19
2015.09.18 09:43:11.166,0.15269,0.15299,0.04,0.20
2015.09.18 09:43:11.738,0.15268,0.15298,0.06,0.19
2015.09.18 09:43:12.496,0.15269,0.15299,0.04,0.20
2015.09.18 09:43:12.547,0.15269,0.15299,0.06,0.20
2015.09.18 09:43:14.746,0.1528,0.1531,0.02,0.23
2015.09.18 09:43:15.030,0.15277,0.15307,0.02,0.19
2015.09.18 09:43:15.686,0.15269,0.15299,0.04,0.02
2015.09.18 09:43:16.293,0.1528,0.1531,0.02,0.23
2015.09.18 09:43:16.494,0.15272,0.15302,0.02,0.13
2015.09.18 09:43:17.935,0.15273,0.15303,0.02,0.08
2015.09.18 09:43:18.288,0.15276,0.15306,0.02,0.22
2015.09.18 09:43:18.390,0.15276,0.15306,0.02,0.20
2015.09.18 09:43:19.173,0.15276,0.15306,0.02,0.20
2015.09.18 09:43:19.279,0.15279,0.15309,0.02,0.22
2015.09.18 09:43:20.054,0.15275,0.15305,0.02,0.17
2015.09.18 09:43:23.095,0.15275,0.15305,0.02,0.17
2015.09.18 09:43:24.110,0.15276,0.15306,0.02,0.18
2015.09.18 09:43:26.313,0.15275,0.15305,0.02,0.02
2015.09.18 09:43:26.925,0.15276,0.15306,0.02,0.19
2015.09.18 09:43:27.935,0.15276,0.15306,0.02,0.19
2015.09.18 09:43:28.156,0.15274,0.15304,0.02,0.02
2015.09.18 09:43:35.896,0.15271,0.15301,0.02,0.17
2015.09.18 09:43:36.076,0.1527,0.153,0.02,0.02
2015.09.18 09:43:36.440,0.15267,0.15297,0.02,0.02
2015.09.18 09:43:36.741,0.15264,0.15294,0.02,0.02
2015.09.18 09:43:37.175,0.15268,0.15298,0.02,0.23
2015.09.18 09:43:37.441,0.1527,0.153,0.02,0.19
2015.09.18 09:43:42.252,0.15262,0.15292,0.17,0.02
2015.09.18 09:43:42.755,0.15264,0.15294,0.02,0.22
2015.09.18 09:43:43.707,0.15263,0.15293,0.02,0.02
2015.09.18 09:43:43.808,0.15261,0.15291,0.10,0.02
2015.09.18 09:43:53.696,0.1526,0.1529,0.19,0.02
2015.09.18 09:43:54.764,0.15263,0.15293,0.02,0.02
2015.09.18 09:43:54.926,0.15262,0.15292,0.02,0.02
2015.09.18 09:44:25.359,0.15264,0.15294,0.04,0.02
2015.09.18 09:44:25.731,0.15261,0.15291,0.02,0.19
2015.09.18 09:44:34.355,0.1526,0.1529,0.02,0.12
2015.09.18 09:44:37.250,0.15265,0.15295,0.02,0.02
2015.09.18 09:44:44.613,0.1526,0.1529,0.02,0.24
2015.09.18 09:44:45.714,0.15261,0.15291,0.02,0.02
2015.09.18 09:44:51.677,0.15256,0.15286,0.26,0.02
2015.09.18 09:44:51.778,0.15258,0.15288,0.02,0.15
2015.09.18 09:44:52.321,0.15257,0.15287,0.02,0.19
2015.09.18 09:45:00.446,0.15259,0.15289,0.02,0.24
2015.09.18 09:45:00.598,0.15257,0.15287,0.21,0.02
2015.09.18 09:45:02.553,0.1526,0.1529,0.02,0.22
2015.09.18 09:45:13.775,0.1525,0.1528,0.21,0.02
2015.09.18 09:45:21.686,0.15249,0.15279,0.29,0.02
2015.09.18 09:45:43.116,0.15255,0.15285,0.02,0.18
2015.09.18 09:45:43.167,0.15253,0.15283,0.15,0.02
2015.09.18 09:45:43.267,0.1525,0.1528,0.21,0.02
2015.09.18 09:45:44.664,0.15257,0.15287,0.02,0.22
2015.09.18 09:46:08.100,0.15258,0.15288,0.02,0.02
2015.09.18 09:46:08.251,0.15255,0.15285,0.02,0.02
2015.09.18 09:46:08.352,0.15255,0.15285,0.02,0.24
2015.09.18 09:46:11.773,0.15251,0.15281,0.02,0.02
2015.09.18 09:46:11.944,0.15249,0.15279,0.02,0.20
2015.09.18 09:46:12.053,0.15249,0.15279,0.02,0.20
2015.09.18 09:46:13.727,0.15245,0.15275,0.06,0.02
2015.09.18 09:46:13.814,0.15246,0.15276,0.02,0.08
2015.09.18 09:46:14.065,0.15244,0.15274,0.20,0.02
2015.09.18 09:46:14.924,0.15244,0.15274,0.16,0.02
2015.09.18 09:46:15.663,0.15246,0.15276,0.02,0.24
2015.09.18 09:46:18.128,0.15243,0.15273,0.02,0.02
2015.09.18 09:46:18.633,0.15243,0.15273,0.02,0.17
2015.09.18 09:46:23.644,0.15245,0.15275,0.02,0.10
2015.09.18 09:46:23.834,0.15247,0.15277,0.09,0.04
2015.09.18 09:46:24.046,0.15248,0.15278,0.09,0.02
2015.09.18 09:46:26.034,0.15251,0.15281,0.02,0.19
2015.09.18 09:46:26.243,0.15248,0.15278,0.29,0.02
2015.09.18 09:46:36.397,0.15245,0.15275,0.27,0.02
2015.09.18 09:46:36.722,0.15252,0.15282,0.02,0.20
2015.09.18 09:46:51.467,0.1525,0.1528,0.02,0.02
2015.09.18 09:46:54.403,0.15248,0.15278,0.02,0.02
2015.09.18 09:47:15.787,0.15246,0.15276,0.02,0.02
2015.09.18 09:47:51.202,0.15252,0.15282,0.02,0.18
2015.09.18 09:47:51.602,0.15252,0.15282,0.02,0.02
2015.09.18 09:47:51.855,0.15255,0.15285,0.02,0.02
2015.09.18 09:48:11.227,0.15258,0.15288,0.12,0.02
2015.09.18 09:48:11.278,0.15254,0.15284,0.22,0.02
2015.09.18 09:48:11.429,0.15257,0.15287,0.02,0.17
2015.09.18 09:48:17.242,0.15255,0.15285,0.02,0.02
2015.09.18 09:48:56.783,0.15253,0.15283,0.17,0.02
2015.09.18 09:48:57.521,0.15252,0.15282,0.02,0.02
2015.09.18 09:49:03.552,0.15254,0.15284,0.02,0.21
2015.09.18 09:49:20.189,0.15253,0.15283,0.20,0.02
2015.09.18 09:49:20.491,0.15257,0.15287,0.02,0.20
2015.09.18 09:49:24.779,0.15254,0.15284,0.02,0.07
2015.09.18 09:49:25.152,0.15251,0.15281,0.19,0.02
2015.09.18 09:49:25.924,0.1525,0.1528,0.06,0.02
2015.09.18 09:49:26.486,0.15249,0.15279,0.04,0.02
2015.09.18 09:49:31.174,0.15248,0.15278,0.02,0.02
2015.09.18 09:49:31.483,0.15244,0.15274,0.02,0.02
2015.09.18 09:49:32.012,0.15243,0.15273,0.22,0.02
2015.09.18 09:49:45.020,0.15241,0.15271,0.02,0.02
2015.09.18 09:49:45.398,0.15239,0.15269,0.02,0.02
2015.09.18 09:49:54.954,0.15244,0.15274,0.02,0.02
2015.09.18 09:49:55.802,0.15245,0.15275,0.02,0.02
2015.09.18 09:49:55.956,0.15243,0.15273,0.02,0.02
2015.09.18 09:50:01.091,0.15246,0.15276,0.02,0.24
2015.09.18 09:50:01.399,0.15248,0.15278,0.02,0.22
2015.09.18 09:50:19.781,0.15246,0.15276,0.02,0.02
2015.09.18 09:50:24.312,0.15245,0.15275,0.02,0.02
2015.09.18 09:50:28.690,0.15244,0.15274,0.23,0.02
2015.09.18 09:50:28.841,0.15241,0.15271,0.02,0.06
2015.09.18 09:50:28.942,0.15236,0.15266,0.19,0.02
2015.09.18 09:50:39.464,0.15239,0.15269,0.11,0.02
2015.09.18 09:50:39.809,0.15235,0.15265,0.02,0.02
2015.09.18 09:50:41.011,0.15233,0.15263,0.13,0.02
2015.09.18 09:50:42.820,0.15232,0.15262,0.19,0.02
2015.09.18 09:50:43.352,0.15234,0.15264,0.19,0.02
2015.09.18 09:50:43.403,0.15229,0.15259,0.21,0.02
2015.09.18 09:50:57.977,0.15235,0.15265,0.19,0.02
2015.09.18 09:50:58.028,0.15235,0.15265,0.19,0.02
2015.09.18 09:50:58.627,0.15234,0.15264,0.23,0.02
2015.09.18 09:50:59.646,0.15234,0.15264,0.02,0.02
2015.09.18 09:51:03.373,0.15231,0.15261,0.22,0.02
2015.09.18 09:51:03.474,0.15238,0.15268,0.16,0.04
2015.09.18 09:51:03.560,0.15238,0.15268,0.18,0.04
2015.09.18 09:51:24.928,0.15239,0.15269,0.02,0.02
2015.09.18 09:51:48.813,0.15242,0.15272,0.02,0.17
2015.09.18 09:51:49.343,0.15239,0.15269,0.13,0.02
2015.09.18 09:51:54.158,0.15241,0.15271,0.02,0.02
2015.09.18 09:51:57.398,0.1524,0.1527,0.02,0.02
2015.09.18 09:52:17.938,0.15244,0.15274,0.02,0.25
2015.09.18 09:52:47.250,0.15245,0.15275,0.04,0.23
2015.09.18 09:52:47.300,0.15241,0.15271,0.02,0.02
2015.09.18 09:52:47.401,0.1524,0.1527,0.29,0.02
2015.09.18 09:52:51.035,0.15247,0.15277,0.02,0.23
2015.09.18 09:52:51.403,0.1525,0.1528,0.04,0.21
2015.09.18 09:52:58.617,0.15241,0.15271,0.27,0.02
2015.09.18 09:52:59.088,0.15243,0.15273,0.02,0.02
2015.09.18 09:52:59.301,0.15244,0.15274,0.02,0.21
2015.09.18 09:52:59.917,0.15247,0.15277,0.02,0.16
2015.09.18 09:53:00.638,0.15244,0.15274,0.02,0.02
2015.09.18 09:53:08.937,0.15246,0.15276,0.02,0.24
2015.09.18 09:53:13.724,0.15241,0.15271,0.29,0.02
2015.09.18 09:53:13.824,0.15248,0.15278,0.02,0.24
2015.09.18 09:53:14.165,0.15239,0.15269,0.30,0.02
2015.09.18 09:53:14.266,0.15244,0.15274,0.02,0.02
2015.09.18 09:53:18.125,0.1525,0.1528,0.04,0.29
2015.09.18 09:53:18.591,0.15245,0.15275,0.02,0.09
2015.09.18 09:53:18.925,0.15246,0.15276,0.02,0.02
2015.09.18 09:53:24.390,0.15245,0.15275,0.02,0.21
2015.09.18 09:53:24.756,0.15243,0.15273,0.02,0.02
2015.09.18 09:53:26.907,0.15249,0.15279,0.02,0.25
2015.09.18 09:53:28.164,0.15245,0.15275,0.02,0.26
2015.09.18 09:53:28.338,0.15244,0.15274,0.02,0.04
2015.09.18 09:53:30.807,0.15245,0.15275,0.02,0.02
2015.09.18 09:53:30.908,0.15244,0.15274,0.02,0.02
2015.09.18 09:53:32.297,0.15245,0.15275,0.02,0.02
2015.09.18 09:53:32.896,0.15244,0.15274,0.02,0.02
2015.09.18 09:53:43.847,0.15249,0.15279,0.04,0.27
2015.09.18 09:53:47.388,0.15247,0.15277,0.02,0.24
2015.09.18 09:53:47.589,0.15249,0.15279,0.06,0.04
2015.09.18 09:53:47.696,0.15254,0.15284,0.02,0.21
2015.09.18 09:53:52.772,0.15248,0.15278,0.04,0.02
2015.09.18 09:53:56.279,0.15249,0.15279,0.02,0.23
2015.09.18 09:53:56.581,0.15245,0.15275,0.02,0.02
2015.09.18 09:53:56.960,0.15247,0.15277,0.02,0.20
2015.09.18 09:53:57.161,0.15244,0.15274,0.02,0.02
2015.09.18 09:54:10.160,0.15245,0.15275,0.02,0.02
2015.09.18 09:54:15.300,0.15247,0.15277,0.08,0.02
2015.09.18 09:54:15.704,0.15249,0.15279,0.02,0.02
2015.09.18 09:54:57.925,0.15254,0.15284,0.02,0.26
2015.09.18 09:55:10.026,0.15255,0.15285,0.02,0.29
2015.09.18 09:55:15.587,0.15249,0.15279,0.04,0.12
2015.09.18 09:55:23.335,0.1525,0.1528,0.04,0.17
2015.09.18 09:55:46.119,0.15256,0.15286,0.02,0.26
2015.09.18 09:55:46.382,0.1525,0.1528,0.02,0.16
2015.09.18 09:55:49.955,0.15255,0.15285,0.02,0.26
2015.09.18 09:55:54.667,0.15251,0.15281,0.02,0.12
2015.09.18 09:56:10.198,0.1526,0.1529,0.02,0.30
2015.09.18 09:57:10.465,0.15251,0.15283,0.02,0.02
2015.09.18 09:57:17.570,0.15251,0.15285,0.18,0.16
2015.09.18 09:57:26.275,0.15252,0.15284,0.20,0.20
2015.09.18 09:57:31.698,0.15251,0.15283,0.19,0.07
2015.09.18 09:57:44.900,0.15252,0.15282,0.20,0.02
2015.09.18 09:57:45.254,0.1526,0.1529,0.02,0.03
2015.09.18 09:57:51.703,0.15255,0.15285,0.02,0.02
2015.09.18 09:57:51.754,0.15259,0.15289,0.02,0.20
2015.09.18 09:57:53.381,0.15257,0.15287,0.02,0.20
2015.09.18 09:57:53.932,0.15255,0.15285,0.02,0.02
2015.09.18 09:57:55.443,0.15257,0.15287,0.02,0.20
2015.09.18 09:57:55.574,0.15261,0.15291,0.02,0.22
2015.09.18 09:58:00.004,0.15259,0.15289,0.06,0.16
2015.09.18 09:58:03.498,0.15257,0.15287,0.20,0.02
2015.09.18 09:58:03.599,0.1526,0.1529,0.02,0.02
2015.09.18 09:58:09.962,0.15257,0.15287,0.06,0.02
2015.09.18 09:58:10.114,0.15266,0.15296,0.02,0.22
2015.09.18 09:58:13.373,0.15263,0.15293,0.02,0.18
2015.09.18 09:58:13.960,0.15269,0.15299,0.02,0.29
2015.09.18 09:58:16.344,0.15264,0.15294,0.02,0.27
2015.09.18 09:58:27.278,0.15268,0.15298,0.02,0.29
2015.09.18 09:58:28.571,0.15261,0.15291,0.02,0.02
2015.09.18 09:58:28.902,0.1526,0.1529,0.02,0.21
2015.09.18 09:58:29.122,0.15264,0.15294,0.02,0.27
2015.09.18 09:58:40.233,0.1526,0.1529,0.06,0.21
2015.09.18 09:58:40.284,0.15268,0.15298,0.04,0.02
2015.09.18 09:59:13.677,0.1527,0.153,0.04,0.31
2015.09.18 09:59:13.777,0.15269,0.15299,0.02,0.21
2015.09.18 09:59:17.191,0.15269,0.15299,0.04,0.20
2015.09.18 09:59:34.673,0.15266,0.15296,0.02,0.02
2015.09.18 09:59:34.724,0.15266,0.15296,0.02,0.19
2015.09.18 09:59:34.775,0.15264,0.15294,0.17,0.02
