2012.09.17 02:00:14.519,0.34684,0.3472,0.02,0.02
2012.09.17 02:00:35.615,0.34683,0.34721,0.02,0.02
2012.09.17 02:00:52.580,0.34686,0.34722,0.02,0.02
2012.09.17 02:01:08.593,0.34687,0.34723,0.02,0.02
2012.09.17 02:01:25.223,0.34688,0.34726,0.02,0.05
2012.09.17 02:01:26.432,0.34691,0.34727,0.02,0.02
2012.09.17 02:01:59.804,0.34692,0.34729,0.02,0.02
2012.09.17 02:02:01.142,0.34694,0.3473,0.02,0.02
2012.09.17 02:02:14.265,0.34696,0.34732,0.02,0.02
2012.09.17 02:02:34.354,0.34697,0.34733,0.02,0.02
2012.09.17 02:02:34.676,0.34695,0.34733,0.02,0.02
2012.09.17 02:02:34.802,0.34695,0.34733,0.02,0.02
2012.09.17 02:02:34.923,0.34695,0.34733,0.02,0.02
2012.09.17 02:02:37.405,0.34694,0.3473,0.02,0.02
2012.09.17 02:02:38.207,0.34694,0.3473,0.02,0.02
2012.09.17 02:02:39.798,0.34695,0.34732,0.02,0.02
2012.09.17 02:02:40.984,0.34698,0.34733,0.02,0.02
2012.09.17 02:02:42.305,0.34695,0.34731,0.02,0.02
2012.09.17 02:02:42.493,0.34691,0.34729,0.03,0.02
2012.09.17 02:02:44.323,0.34695,0.34731,0.02,0.02
2012.09.17 02:02:45.101,0.34693,0.34728,0.02,0.02
2012.09.17 02:02:50.102,0.3469,0.34728,0.02,0.02
2012.09.17 02:02:55.593,0.34691,0.34729,0.02,0.02
2012.09.17 02:02:56.294,0.3469,0.34726,0.02,0.02
2012.09.17 02:03:01.230,0.34688,0.34725,0.02,0.02
2012.09.17 02:03:02.843,0.3469,0.34728,0.02,0.02
2012.09.17 02:03:09.083,0.34688,0.34726,0.02,0.02
2012.09.17 02:03:14.943,0.34687,0.34723,0.02,0.02
2012.09.17 02:03:27.583,0.34688,0.34726,0.02,0.02
2012.09.17 02:03:28.134,0.3469,0.34727,0.02,0.02
2012.09.17 02:03:35.983,0.34688,0.34726,0.02,0.02
2012.09.17 02:03:52.134,0.34688,0.34723,0.02,0.02
2012.09.17 02:04:12.561,0.34687,0.34723,0.02,0.02
2012.09.17 02:04:15.635,0.3468,0.34717,0.03,0.02
2012.09.17 02:04:15.839,0.3468,0.34717,0.02,0.02
2012.09.17 02:04:20.709,0.34682,0.34718,0.02,0.02
2012.09.17 02:04:24.218,0.34684,0.3472,0.02,0.02
2012.09.17 02:04:29.578,0.34686,0.34722,0.02,0.02
2012.09.17 02:04:49.672,0.34685,0.34723,0.02,0.02
2012.09.17 02:04:57.103,0.34686,0.34723,0.02,0.02
2012.09.17 02:04:57.521,0.34688,0.34726,0.02,0.02
2012.09.17 02:05:09.822,0.34689,0.34729,0.02,0.02
2012.09.17 02:05:09.942,0.3469,0.34726,0.02,0.02
2012.09.17 02:05:10.237,0.3469,0.34729,0.02,0.02
2012.09.17 02:05:12.163,0.3469,0.34726,0.02,0.02
2012.09.17 02:05:15.927,0.34691,0.3473,0.02,0.02
2012.09.17 02:05:30.123,0.34694,0.34732,0.03,0.02
2012.09.17 02:05:32.062,0.34696,0.34736,0.03,0.02
2012.09.17 02:05:32.455,0.34699,0.34736,0.02,0.02
2012.09.17 02:05:38.234,0.34701,0.34739,0.02,0.02
2012.09.17 02:05:58.203,0.34704,0.3474,0.03,0.02
2012.09.17 02:05:59.075,0.34714,0.34746,0.02,0.02
2012.09.17 02:05:59.214,0.34714,0.34745,0.03,0.02
2012.09.17 02:05:59.414,0.34713,0.34746,0.03,0.02
2012.09.17 02:06:00.153,0.34714,0.34749,0.03,0.02
2012.09.17 02:06:00.904,0.34714,0.34751,0.03,0.02
2012.09.17 02:06:10.044,0.34713,0.34748,0.03,0.02
2012.09.17 02:06:12.123,0.34709,0.34747,0.02,0.02
2012.09.17 02:06:13.294,0.34713,0.34748,0.03,0.02
2012.09.17 02:06:13.908,0.34714,0.34749,0.02,0.02
2012.09.17 02:06:28.167,0.34713,0.34748,0.03,0.02
2012.09.17 02:06:29.734,0.34713,0.34752,0.05,0.02
2012.09.17 02:06:36.904,0.34714,0.34747,0.03,0.02
2012.09.17 02:06:56.617,0.34713,0.34749,0.03,0.02
2012.09.17 02:07:16.594,0.34714,0.3475,0.03,0.02
2012.09.17 02:07:17.200,0.34716,0.34752,0.02,0.02
2012.09.17 02:07:29.396,0.34718,0.34753,0.02,0.02
2012.09.17 02:07:34.984,0.34724,0.34756,0.02,0.03
2012.09.17 02:07:35.257,0.34722,0.34756,0.03,0.04
2012.09.17 02:07:35.980,0.34723,0.34756,0.03,0.02
2012.09.17 02:07:41.385,0.34724,0.34756,0.02,0.02
2012.09.17 02:07:42.509,0.34724,0.34756,0.03,0.02
2012.09.17 02:07:42.964,0.34724,0.34759,0.03,0.02
2012.09.17 02:07:44.503,0.34723,0.34759,0.03,0.02
2012.09.17 02:07:47.086,0.34725,0.34761,0.02,0.02
2012.09.17 02:08:07.475,0.34723,0.3476,0.03,0.02
2012.09.17 02:08:12.512,0.34725,0.34761,0.02,0.02
2012.09.17 02:08:29.513,0.34723,0.3476,0.03,0.02
2012.09.17 02:08:29.633,0.34723,0.34759,0.03,0.02
2012.09.17 02:08:29.704,0.34723,0.34759,0.03,0.02
2012.09.17 02:08:38.328,0.34723,0.34759,0.03,0.02
2012.09.17 02:08:49.655,0.34723,0.34758,0.03,0.02
2012.09.17 02:08:50.353,0.34724,0.34758,0.03,0.02
2012.09.17 02:08:59.574,0.34724,0.34756,0.03,0.02
2012.09.17 02:09:00.465,0.34717,0.34755,0.02,0.02
2012.09.17 02:09:00.839,0.34714,0.34752,0.02,0.02
2012.09.17 02:09:07.423,0.34712,0.3475,0.02,0.02
2012.09.17 02:09:07.494,0.34712,0.3475,0.02,0.02
2012.09.17 02:09:27.547,0.34713,0.3475,0.02,0.02
2012.09.17 02:09:28.675,0.34714,0.34752,0.02,0.02
2012.09.17 02:09:29.424,0.34713,0.34749,0.02,0.02
2012.09.17 02:09:30.193,0.34714,0.34752,0.02,0.02
2012.09.17 02:09:49.023,0.34713,0.3475,0.03,0.02
2012.09.17 02:10:09.604,0.34711,0.34749,0.02,0.02
2012.09.17 02:10:18.343,0.34713,0.34749,0.03,0.02
2012.09.17 02:10:19.533,0.34713,0.34749,0.03,0.02
2012.09.17 02:10:21.863,0.34713,0.34746,0.03,0.02
2012.09.17 02:10:21.994,0.34706,0.34742,0.02,0.02
2012.09.17 02:10:22.064,0.34706,0.34744,0.02,0.02
2012.09.17 02:10:27.549,0.34705,0.34743,0.02,0.02
2012.09.17 02:10:28.643,0.34703,0.34741,0.02,0.02
2012.09.17 02:10:28.873,0.34701,0.34739,0.02,0.02
2012.09.17 02:10:49.815,0.34703,0.34738,0.02,0.02
2012.09.17 02:10:58.711,0.347,0.34738,0.02,0.02
2012.09.17 02:11:08.458,0.34699,0.34736,0.02,0.02
2012.09.17 02:11:10.783,0.34694,0.34732,0.02,0.02
2012.09.17 02:11:22.393,0.34694,0.34734,0.03,0.02
2012.09.17 02:11:26.866,0.34699,0.34735,0.02,0.02
2012.09.17 02:11:34.263,0.347,0.34737,0.02,0.02
2012.09.17 02:11:54.463,0.34698,0.34734,0.02,0.02
2012.09.17 02:12:08.724,0.34698,0.34736,0.03,0.02
2012.09.17 02:12:31.444,0.34701,0.34738,0.02,0.02
2012.09.17 02:12:51.604,0.34701,0.34738,0.02,0.02
2012.09.17 02:13:03.514,0.34703,0.34741,0.03,0.02
2012.09.17 02:13:23.636,0.34703,0.3474,0.03,0.02
2012.09.17 02:13:40.424,0.34704,0.34742,0.04,0.02
2012.09.17 02:14:00.655,0.34704,0.3474,0.03,0.02
2012.09.17 02:14:16.745,0.34704,0.34742,0.04,0.02
2012.09.17 02:14:37.615,0.34704,0.34744,0.02,0.02
2012.09.17 02:14:55.636,0.34708,0.34745,0.02,0.02
2012.09.17 02:15:15.915,0.34708,0.34744,0.02,0.02
2012.09.17 02:15:25.746,0.3471,0.34746,0.02,0.02
2012.09.17 02:15:45.750,0.34708,0.34746,0.02,0.02
2012.09.17 02:15:52.734,0.34707,0.34743,0.02,0.02
2012.09.17 02:15:57.625,0.34703,0.34741,0.02,0.02
2012.09.17 02:16:04.644,0.34704,0.34741,0.02,0.02
2012.09.17 02:16:25.671,0.34703,0.3474,0.02,0.02
2012.09.17 02:16:46.526,0.34702,0.34741,0.02,0.02
2012.09.17 02:17:07.600,0.34703,0.34739,0.02,0.02
2012.09.17 02:17:27.646,0.34702,0.3474,0.02,0.02
2012.09.17 02:18:08.695,0.34703,0.34739,0.02,0.02
2012.09.17 02:18:29.579,0.34702,0.3474,0.02,0.02
2012.09.17 02:19:24.305,0.34699,0.34737,0.02,0.02
2012.09.17 02:19:35.705,0.34698,0.34734,0.02,0.02
2012.09.17 02:19:56.539,0.34697,0.34736,0.03,0.02
2012.09.17 02:20:02.228,0.34696,0.34732,0.02,0.02
2012.09.17 02:20:12.235,0.34696,0.34735,0.02,0.02
2012.09.17 02:20:20.783,0.34698,0.34736,0.02,0.03
2012.09.17 02:20:20.904,0.34701,0.34738,0.02,0.02
2012.09.17 02:20:22.094,0.34702,0.34741,0.02,0.02
2012.09.17 02:20:22.742,0.34701,0.34738,0.02,0.02
2012.09.17 02:20:30.531,0.34699,0.34736,0.02,0.03
2012.09.17 02:20:41.945,0.34698,0.34735,0.02,0.02
2012.09.17 02:20:47.688,0.34696,0.34734,0.02,0.02
2012.09.17 02:20:58.954,0.34698,0.34736,0.02,0.04
2012.09.17 02:21:19.399,0.34699,0.34737,0.02,0.04
2012.09.17 02:21:38.685,0.34698,0.34735,0.02,0.02
2012.09.17 02:21:45.080,0.34695,0.34733,0.02,0.02
2012.09.17 02:22:05.668,0.34695,0.34733,0.02,0.02
2012.09.17 02:22:10.458,0.34693,0.34727,0.03,0.02
2012.09.17 02:22:47.875,0.34693,0.34729,0.03,0.02
2012.09.17 02:23:08.715,0.34694,0.3473,0.03,0.02
2012.09.17 02:23:48.744,0.34694,0.34728,0.03,0.02
2012.09.17 02:24:09.526,0.34694,0.34731,0.04,0.02
2012.09.17 02:24:30.604,0.34694,0.34732,0.03,0.02
2012.09.17 02:24:51.108,0.34694,0.34731,0.04,0.02
2012.09.17 02:25:11.077,0.34694,0.34732,0.03,0.02
2012.09.17 02:25:12.115,0.34695,0.34733,0.02,0.02
2012.09.17 02:25:18.416,0.34697,0.34734,0.02,0.02
2012.09.17 02:25:18.955,0.34698,0.34736,0.02,0.03
2012.09.17 02:25:25.445,0.34701,0.34738,0.02,0.02
2012.09.17 02:25:45.562,0.347,0.34739,0.02,0.02
2012.09.17 02:26:06.736,0.34701,0.34738,0.02,0.02
2012.09.17 02:26:27.602,0.34701,0.34739,0.02,0.02
2012.09.17 02:26:57.265,0.34699,0.34737,0.02,0.03
2012.09.17 02:27:09.216,0.34702,0.34739,0.02,0.02
2012.09.17 02:27:09.605,0.34703,0.34741,0.02,0.05
2012.09.17 02:27:29.617,0.34703,0.34741,0.02,0.02
2012.09.17 02:27:50.337,0.34702,0.34742,0.02,0.02
2012.09.17 02:27:57.866,0.34705,0.34742,0.02,0.02
2012.09.17 02:27:59.447,0.34706,0.34745,0.02,0.02
2012.09.17 02:28:20.236,0.34704,0.34743,0.03,0.02
2012.09.17 02:28:31.522,0.34711,0.34749,0.02,0.02
2012.09.17 02:28:33.096,0.34709,0.34746,0.02,0.02
2012.09.17 02:28:38.915,0.3471,0.34749,0.02,0.03
2012.09.17 02:28:42.456,0.34709,0.34746,0.02,0.03
2012.09.17 02:28:50.825,0.34708,0.34745,0.02,0.02
2012.09.17 02:28:52.459,0.34706,0.34743,0.02,0.02
2012.09.17 02:29:01.665,0.34707,0.34747,0.02,0.04
2012.09.17 02:29:21.685,0.34706,0.34745,0.02,0.02
2012.09.17 02:29:34.054,0.34704,0.34743,0.02,0.02
2012.09.17 02:29:41.165,0.34708,0.34746,0.02,0.03
2012.09.17 02:29:41.605,0.34711,0.34748,0.02,0.02
2012.09.17 02:30:01.636,0.34712,0.34749,0.02,0.02
2012.09.17 02:30:05.446,0.34713,0.34752,0.02,0.02
2012.09.17 02:30:11.208,0.34714,0.34753,0.02,0.02
2012.09.17 02:30:31.586,0.34715,0.34754,0.02,0.02
2012.09.17 02:30:51.647,0.34714,0.34754,0.02,0.02
2012.09.17 02:31:05.204,0.34712,0.34751,0.03,0.02
2012.09.17 02:31:13.376,0.34712,0.3475,0.02,0.02
2012.09.17 02:31:22.735,0.34711,0.34746,0.02,0.02
2012.09.17 02:31:41.475,0.34708,0.34746,0.03,0.02
2012.09.17 02:31:44.075,0.34707,0.34744,0.02,0.02
2012.09.17 02:31:48.555,0.34706,0.34743,0.02,0.02
2012.09.17 02:31:59.789,0.34703,0.34741,0.03,0.02
2012.09.17 02:32:20.376,0.34703,0.3474,0.02,0.02
2012.09.17 02:32:40.622,0.34702,0.34739,0.02,0.02
2012.09.17 02:32:55.796,0.34705,0.34743,0.02,0.02
2012.09.17 02:33:06.354,0.34702,0.34742,0.02,0.02
2012.09.17 02:33:26.559,0.34704,0.34742,0.02,0.02
2012.09.17 02:33:29.926,0.34703,0.3474,0.02,0.02
2012.09.17 02:33:50.020,0.34701,0.34741,0.02,0.02
2012.09.17 02:33:54.486,0.34701,0.34738,0.02,0.02
2012.09.17 02:34:36.586,0.34698,0.34736,0.02,0.02
2012.09.17 02:34:44.438,0.34693,0.3473,0.04,0.02
2012.09.17 02:35:01.856,0.34694,0.34732,0.02,0.02
2012.09.17 02:35:11.637,0.34695,0.34734,0.02,0.02
2012.09.17 02:35:16.183,0.34697,0.34736,0.02,0.02
2012.09.17 02:35:22.092,0.347,0.34737,0.02,0.02
2012.09.17 02:35:22.337,0.34697,0.34736,0.03,0.02
2012.09.17 02:35:22.466,0.34696,0.34734,0.03,0.02
2012.09.17 02:35:25.123,0.34697,0.34736,0.02,0.04
2012.09.17 02:35:29.740,0.34696,0.34735,0.02,0.02
2012.09.17 02:35:36.598,0.34694,0.34733,0.04,0.02
2012.09.17 02:35:41.248,0.34697,0.34734,0.02,0.02
2012.09.17 02:35:41.532,0.34694,0.34733,0.04,0.02
2012.09.17 02:35:50.379,0.34694,0.34726,0.02,0.02
2012.09.17 02:35:50.446,0.34685,0.34723,0.02,0.02
2012.09.17 02:35:50.818,0.34683,0.34716,0.02,0.02
2012.09.17 02:35:51.127,0.34689,0.34726,0.02,0.02
2012.09.17 02:35:52.155,0.3469,0.34726,0.02,0.02
2012.09.17 02:35:54.209,0.34689,0.34726,0.02,0.03
2012.09.17 02:36:09.170,0.34687,0.34725,0.02,0.02
2012.09.17 02:36:20.606,0.34685,0.34724,0.02,0.02
2012.09.17 02:36:21.476,0.34687,0.34725,0.02,0.02
2012.09.17 02:36:40.886,0.34685,0.34722,0.03,0.02
2012.09.17 02:37:21.542,0.34684,0.34722,0.03,0.02
2012.09.17 02:37:41.698,0.34684,0.34721,0.02,0.02
2012.09.17 02:37:47.757,0.34681,0.34717,0.02,0.02
2012.09.17 02:37:48.456,0.34679,0.34717,0.02,0.03
2012.09.17 02:37:53.036,0.34678,0.34716,0.02,0.03
2012.09.17 02:37:57.836,0.34677,0.34714,0.02,0.02
2012.09.17 02:38:02.197,0.34672,0.34709,0.02,0.02
2012.09.17 02:38:07.267,0.34667,0.34705,0.02,0.02
2012.09.17 02:38:07.626,0.34664,0.34701,0.02,0.02
2012.09.17 02:38:08.148,0.34665,0.34703,0.02,0.02
2012.09.17 02:38:12.519,0.34664,0.34701,0.02,0.02
2012.09.17 02:38:15.486,0.34664,0.34704,0.02,0.02
2012.09.17 02:38:15.937,0.34664,0.34701,0.02,0.02
2012.09.17 02:38:17.699,0.34665,0.34704,0.02,0.02
2012.09.17 02:38:18.207,0.34667,0.34706,0.02,0.02
2012.09.17 02:38:20.296,0.34666,0.34703,0.02,0.02
2012.09.17 02:38:27.760,0.34669,0.34707,0.02,0.04
2012.09.17 02:38:28.316,0.34671,0.34709,0.02,0.02
2012.09.17 02:38:38.149,0.34672,0.34708,0.02,0.02
2012.09.17 02:38:58.138,0.34674,0.34712,0.02,0.02
2012.09.17 02:39:18.617,0.34674,0.34712,0.02,0.02
2012.09.17 02:39:25.551,0.34673,0.3471,0.02,0.02
2012.09.17 02:39:45.596,0.34672,0.34711,0.02,0.02
2012.09.17 02:40:05.651,0.34673,0.3471,0.02,0.02
2012.09.17 02:40:17.126,0.34674,0.34713,0.02,0.02
2012.09.17 02:40:17.198,0.34672,0.34711,0.03,0.02
2012.09.17 02:40:17.766,0.34671,0.34709,0.02,0.02
2012.09.17 02:40:29.636,0.34669,0.34706,0.02,0.03
2012.09.17 02:40:32.136,0.34671,0.34708,0.02,0.02
2012.09.17 02:40:32.645,0.3467,0.34707,0.02,0.04
2012.09.17 02:40:36.716,0.34668,0.34705,0.02,0.02
2012.09.17 02:40:37.773,0.34667,0.34704,0.02,0.02
2012.09.17 02:40:41.617,0.34668,0.34706,0.02,0.02
2012.09.17 02:40:42.077,0.34666,0.34704,0.02,0.02
2012.09.17 02:40:42.158,0.34665,0.34703,0.02,0.02
2012.09.17 02:40:45.818,0.34666,0.34704,0.02,0.02
2012.09.17 02:40:46.731,0.34665,0.34702,0.02,0.02
2012.09.17 02:41:02.387,0.34668,0.34706,0.02,0.03
2012.09.17 02:41:03.077,0.34663,0.347,0.02,0.03
2012.09.17 02:41:05.658,0.34666,0.34704,0.02,0.05
2012.09.17 02:41:05.917,0.34666,0.34703,0.02,0.02
2012.09.17 02:41:06.317,0.34668,0.34706,0.02,0.03
2012.09.17 02:41:06.788,0.34668,0.34705,0.02,0.02
2012.09.17 02:41:07.716,0.34666,0.34703,0.02,0.02
2012.09.17 02:41:25.327,0.34667,0.34704,0.02,0.02
2012.09.17 02:41:31.409,0.34669,0.34706,0.02,0.02
2012.09.17 02:41:37.129,0.34669,0.34707,0.03,0.03
2012.09.17 02:41:52.467,0.34669,0.34705,0.02,0.02
2012.09.17 02:41:54.785,0.34669,0.34707,0.02,0.03
2012.09.17 02:41:56.377,0.34668,0.34706,0.02,0.04
2012.09.17 02:42:16.450,0.34667,0.34706,0.02,0.04
2012.09.17 02:42:36.629,0.34669,0.34706,0.02,0.04
2012.09.17 02:43:09.238,0.34669,0.34706,0.02,0.03
2012.09.17 02:43:09.797,0.34672,0.34709,0.02,0.02
2012.09.17 02:43:12.706,0.34675,0.34712,0.02,0.02
2012.09.17 02:43:13.487,0.3467,0.34709,0.03,0.02
2012.09.17 02:43:18.607,0.34669,0.34706,0.02,0.02
2012.09.17 02:43:19.052,0.34667,0.34705,0.02,0.02
2012.09.17 02:43:24.117,0.34666,0.34703,0.02,0.02
2012.09.17 02:43:34.899,0.34668,0.34705,0.02,0.02
2012.09.17 02:43:55.604,0.34668,0.34705,0.02,0.02
2012.09.17 02:44:15.540,0.34668,0.34707,0.02,0.04
2012.09.17 02:44:36.727,0.34669,0.34706,0.02,0.02
2012.09.17 02:44:56.549,0.34668,0.34706,0.02,0.03
2012.09.17 02:45:28.937,0.34667,0.34705,0.02,0.02
2012.09.17 02:45:37.158,0.34665,0.34703,0.02,0.02
2012.09.17 02:45:57.656,0.34664,0.34702,0.04,0.02
2012.09.17 02:46:03.123,0.34666,0.34704,0.02,0.02
2012.09.17 02:46:18.618,0.34672,0.34709,0.02,0.02
2012.09.17 02:46:32.322,0.34674,0.34712,0.02,0.02
2012.09.17 02:46:32.507,0.34675,0.34712,0.02,0.02
2012.09.17 02:47:05.409,0.34673,0.3471,0.02,0.02
2012.09.17 02:47:07.087,0.34675,0.34712,0.02,0.02
2012.09.17 02:47:18.188,0.34672,0.3471,0.02,0.02
2012.09.17 02:47:33.477,0.34675,0.34712,0.02,0.02
2012.09.17 02:47:34.027,0.34676,0.34713,0.02,0.02
2012.09.17 02:47:46.969,0.34674,0.34713,0.02,0.02
2012.09.17 02:47:48.038,0.34673,0.3471,0.02,0.02
2012.09.17 02:47:58.838,0.34674,0.34713,0.02,0.02
2012.09.17 02:47:59.178,0.34676,0.34714,0.02,0.02
2012.09.17 02:48:01.405,0.34673,0.34712,0.04,0.02
2012.09.17 02:48:09.137,0.34671,0.34707,0.02,0.02
2012.09.17 02:48:42.008,0.34673,0.3471,0.04,0.02
2012.09.17 02:49:00.660,0.34677,0.34714,0.02,0.02
2012.09.17 02:49:42.660,0.34675,0.34714,0.02,0.02
2012.09.17 02:49:46.707,0.34674,0.34711,0.04,0.02
2012.09.17 02:49:46.828,0.34671,0.34708,0.02,0.02
2012.09.17 02:50:19.288,0.3467,0.34707,0.02,0.02
2012.09.17 02:50:20.798,0.34668,0.34707,0.02,0.04
2012.09.17 02:50:41.525,0.34668,0.34707,0.02,0.03
2012.09.17 02:51:01.580,0.34669,0.34706,0.02,0.02
2012.09.17 02:51:04.147,0.34667,0.34704,0.02,0.02
2012.09.17 02:51:08.523,0.34665,0.34703,0.02,0.02
2012.09.17 02:51:15.288,0.34666,0.34706,0.02,0.02
2012.09.17 02:51:18.387,0.34664,0.34704,0.02,0.02
2012.09.17 02:51:38.570,0.34664,0.34702,0.02,0.02
2012.09.17 02:51:56.548,0.34662,0.347,0.02,0.03
2012.09.17 02:52:00.897,0.34653,0.3469,0.03,0.02
2012.09.17 02:52:01.399,0.34653,0.3469,0.03,0.02
2012.09.17 02:52:01.559,0.34648,0.34686,0.03,0.02
2012.09.17 02:52:12.727,0.34645,0.34686,0.05,0.02
2012.09.17 02:52:14.428,0.34654,0.34687,0.02,0.02
2012.09.17 02:52:14.955,0.34654,0.34687,0.03,0.02
2012.09.17 02:52:22.699,0.34646,0.34687,0.02,0.02
2012.09.17 02:52:22.922,0.34644,0.34683,0.02,0.02
2012.09.17 02:52:23.648,0.34643,0.34682,0.03,0.02
2012.09.17 02:52:23.781,0.34642,0.34682,0.02,0.02
2012.09.17 02:52:28.109,0.34641,0.34681,0.07,0.02
2012.09.17 02:52:28.713,0.34641,0.34681,0.05,0.02
2012.09.17 02:52:31.179,0.34642,0.34681,0.02,0.02
2012.09.17 02:52:32.409,0.34643,0.3468,0.03,0.02
2012.09.17 02:52:39.558,0.34643,0.34679,0.03,0.02
2012.09.17 02:52:40.445,0.34644,0.3468,0.03,0.02
2012.09.17 02:52:43.618,0.34646,0.34682,0.02,0.02
2012.09.17 02:52:44.124,0.34646,0.34682,0.02,0.02
2012.09.17 02:52:44.188,0.34646,0.34684,0.02,0.02
2012.09.17 02:52:44.258,0.34643,0.34679,0.03,0.02
2012.09.17 02:52:44.328,0.34643,0.34679,0.03,0.02
2012.09.17 02:52:44.680,0.34643,0.34677,0.03,0.02
2012.09.17 02:52:45.018,0.34638,0.34675,0.05,0.02
2012.09.17 02:52:45.324,0.34636,0.34674,0.02,0.02
2012.09.17 02:52:49.470,0.34634,0.34669,0.03,0.02
2012.09.17 02:52:51.668,0.34633,0.34668,0.03,0.02
2012.09.17 02:52:56.380,0.34633,0.34669,0.03,0.02
2012.09.17 02:53:02.399,0.34633,0.3467,0.04,0.02
2012.09.17 02:53:06.878,0.34634,0.34673,0.04,0.02
2012.09.17 02:53:08.701,0.34636,0.34675,0.02,0.02
2012.09.17 02:53:14.409,0.34635,0.34674,0.02,0.02
2012.09.17 02:53:15.102,0.34634,0.34671,0.02,0.02
2012.09.17 02:53:16.498,0.34635,0.34673,0.02,0.02
2012.09.17 02:53:17.536,0.34637,0.34675,0.02,0.02
2012.09.17 02:53:18.187,0.34638,0.34677,0.02,0.02
2012.09.17 02:53:21.838,0.3464,0.34678,0.02,0.02
2012.09.17 02:53:25.298,0.34637,0.34677,0.03,0.02
2012.09.17 02:53:28.103,0.3464,0.34678,0.02,0.02
2012.09.17 02:53:28.818,0.34642,0.34679,0.02,0.02
2012.09.17 02:53:30.834,0.3464,0.34679,0.03,0.02
2012.09.17 02:53:32.263,0.34642,0.34679,0.02,0.02
2012.09.17 02:53:33.243,0.34643,0.34682,0.02,0.02
2012.09.17 02:53:36.292,0.34644,0.34679,0.03,0.02
2012.09.17 02:53:39.928,0.34641,0.34677,0.02,0.02
2012.09.17 02:53:40.918,0.34638,0.34676,0.02,0.02
2012.09.17 02:53:41.138,0.34639,0.34678,0.02,0.02
2012.09.17 02:53:41.768,0.34641,0.3468,0.02,0.02
2012.09.17 02:53:42.528,0.3464,0.34676,0.02,0.02
2012.09.17 02:53:43.120,0.34637,0.34675,0.02,0.02
2012.09.17 02:53:46.898,0.34639,0.34676,0.02,0.03
2012.09.17 02:53:47.578,0.34639,0.34676,0.02,0.02
2012.09.17 02:53:47.709,0.34637,0.34676,0.03,0.03
2012.09.17 02:53:49.521,0.34639,0.34676,0.02,0.02
2012.09.17 02:54:09.483,0.34638,0.34677,0.02,0.02
2012.09.17 02:54:14.102,0.34637,0.34676,0.02,0.02
2012.09.17 02:54:14.658,0.3464,0.34679,0.02,0.02
2012.09.17 02:54:15.819,0.34643,0.34681,0.03,0.02
2012.09.17 02:54:36.527,0.34643,0.3468,0.02,0.02
2012.09.17 02:54:53.598,0.34641,0.34679,0.02,0.02
2012.09.17 02:54:54.154,0.34641,0.34679,0.02,0.02
2012.09.17 02:55:04.559,0.34644,0.34681,0.03,0.02
2012.09.17 02:55:07.329,0.34645,0.34681,0.02,0.02
2012.09.17 02:55:14.568,0.34646,0.34684,0.02,0.02
2012.09.17 02:55:17.002,0.34654,0.34684,0.02,0.02
2012.09.17 02:55:17.128,0.34654,0.34688,0.03,0.03
2012.09.17 02:55:17.248,0.34654,0.34688,0.03,0.02
2012.09.17 02:55:17.813,0.34654,0.34688,0.03,0.02
2012.09.17 02:55:18.483,0.34654,0.34688,0.03,0.02
2012.09.17 02:55:19.318,0.34654,0.34688,0.03,0.02
2012.09.17 02:55:22.658,0.34655,0.34691,0.02,0.02
2012.09.17 02:55:23.075,0.34654,0.3469,0.03,0.02
2012.09.17 02:55:24.676,0.34653,0.3469,0.03,0.02
2012.09.17 02:55:24.959,0.34653,0.34691,0.03,0.02
2012.09.17 02:55:26.774,0.34653,0.34689,0.03,0.02
2012.09.17 02:55:27.537,0.34654,0.34689,0.03,0.02
2012.09.17 02:55:27.601,0.34654,0.34687,0.03,0.02
2012.09.17 02:55:39.128,0.34649,0.34684,0.03,0.02
2012.09.17 02:55:39.197,0.34647,0.34684,0.02,0.02
2012.09.17 02:55:47.068,0.34648,0.34686,0.02,0.02
2012.09.17 02:55:51.508,0.34652,0.34689,0.02,0.02
2012.09.17 02:55:58.078,0.34653,0.34689,0.03,0.02
2012.09.17 02:56:01.227,0.34654,0.3469,0.02,0.02
2012.09.17 02:56:02.107,0.34656,0.34692,0.02,0.02
2012.09.17 02:56:02.713,0.34656,0.34692,0.02,0.02
2012.09.17 02:56:03.373,0.34656,0.34695,0.02,0.02
2012.09.17 02:56:08.188,0.34656,0.34692,0.02,0.02
2012.09.17 02:56:09.015,0.34655,0.3469,0.02,0.02
2012.09.17 02:56:13.208,0.34663,0.34693,0.02,0.02
2012.09.17 02:56:13.268,0.34663,0.34697,0.03,0.02
2012.09.17 02:56:13.346,0.34663,0.347,0.03,0.02
2012.09.17 02:56:13.896,0.34663,0.34697,0.03,0.02
2012.09.17 02:56:19.242,0.34658,0.34694,0.02,0.02
2012.09.17 02:56:19.308,0.34658,0.34694,0.02,0.02
2012.09.17 02:56:30.169,0.34655,0.34693,0.02,0.02
2012.09.17 02:56:30.709,0.34654,0.3469,0.02,0.02
2012.09.17 02:56:30.828,0.34654,0.3469,0.02,0.02
2012.09.17 02:56:43.266,0.34656,0.34692,0.02,0.02
2012.09.17 02:57:00.072,0.34653,0.34691,0.03,0.02
2012.09.17 02:57:10.790,0.34653,0.34688,0.03,0.02
2012.09.17 02:57:12.129,0.34651,0.34686,0.02,0.02
2012.09.17 02:57:32.649,0.34652,0.34688,0.02,0.02
2012.09.17 02:57:52.010,0.3465,0.34686,0.02,0.02
2012.09.17 02:58:12.444,0.3465,0.34686,0.02,0.02
2012.09.17 02:58:52.607,0.34649,0.34687,0.02,0.04
2012.09.17 02:59:07.708,0.34647,0.34685,0.02,0.02
2012.09.17 02:59:08.120,0.34647,0.34682,0.02,0.02
2012.09.17 02:59:08.788,0.34645,0.34681,0.02,0.02
2012.09.17 02:59:09.220,0.34646,0.34682,0.02,0.02
2012.09.17 02:59:10.770,0.34645,0.34681,0.02,0.02
2012.09.17 02:59:30.969,0.34646,0.34682,0.02,0.02
2012.09.17 02:59:40.059,0.34644,0.34679,0.03,0.02
