2012.09.12 05:00:00.709,0.33621,0.33657,0.02,0.02
2012.09.12 05:00:00.889,0.33619,0.33656,0.02,0.02
2012.09.12 05:00:01.209,0.3362,0.33657,0.03,0.02
2012.09.12 05:00:13.523,0.33618,0.33656,0.02,0.02
2012.09.12 05:00:21.319,0.3362,0.33658,0.02,0.02
2012.09.12 05:00:30.763,0.3362,0.33656,0.02,0.02
2012.09.12 05:01:11.253,0.33621,0.33658,0.02,0.02
2012.09.12 05:01:15.562,0.33622,0.33659,0.03,0.02
2012.09.12 05:01:19.416,0.33622,0.33661,0.03,0.02
2012.09.12 05:01:20.137,0.33624,0.33661,0.02,0.02
2012.09.12 05:01:40.061,0.33623,0.3366,0.02,0.02
2012.09.12 05:02:25.129,0.33625,0.33663,0.02,0.02
2012.09.12 05:02:32.600,0.33623,0.3366,0.02,0.02
2012.09.12 05:02:36.699,0.33625,0.33662,0.02,0.02
2012.09.12 05:02:40.599,0.33622,0.33661,0.02,0.02
2012.09.12 05:02:45.751,0.33625,0.33662,0.02,0.02
2012.09.12 05:02:56.160,0.33625,0.33664,0.02,0.02
2012.09.12 05:02:59.744,0.33623,0.33663,0.03,0.02
2012.09.12 05:03:08.590,0.33622,0.33661,0.02,0.02
2012.09.12 05:03:16.009,0.33621,0.33659,0.02,0.02
2012.09.12 05:03:27.089,0.33623,0.33661,0.02,0.02
2012.09.12 05:03:29.169,0.33626,0.33665,0.02,0.03
2012.09.12 05:03:41.889,0.33625,0.33662,0.02,0.02
2012.09.12 05:03:54.111,0.33625,0.33664,0.03,0.02
2012.09.12 05:04:14.529,0.33625,0.33663,0.03,0.02
2012.09.12 05:04:27.759,0.33627,0.33664,0.02,0.02
2012.09.12 05:04:38.919,0.33628,0.33667,0.02,0.02
2012.09.12 05:04:46.950,0.33633,0.33668,0.02,0.02
2012.09.12 05:05:06.312,0.33633,0.3367,0.02,0.02
2012.09.12 05:05:26.042,0.33631,0.33669,0.02,0.02
2012.09.12 05:05:30.790,0.33628,0.33667,0.03,0.02
2012.09.12 05:05:51.243,0.3363,0.33667,0.02,0.02
2012.09.12 05:06:11.210,0.33629,0.33668,0.02,0.02
2012.09.12 05:06:17.881,0.33632,0.33669,0.02,0.02
2012.09.12 05:06:18.429,0.33634,0.33671,0.02,0.02
2012.09.12 05:06:22.547,0.33636,0.33675,0.02,0.02
2012.09.12 05:06:43.249,0.33635,0.33675,0.03,0.02
2012.09.12 05:07:04.267,0.33638,0.33675,0.02,0.02
2012.09.12 05:07:12.059,0.33639,0.33677,0.02,0.02
2012.09.12 05:07:16.704,0.33641,0.33678,0.02,0.02
2012.09.12 05:07:31.784,0.33642,0.33681,0.02,0.02
2012.09.12 05:07:51.955,0.33642,0.3368,0.02,0.02
2012.09.12 05:08:32.210,0.33642,0.33679,0.02,0.02
2012.09.12 05:08:42.812,0.33642,0.33681,0.02,0.02
2012.09.12 05:09:03.228,0.33643,0.33681,0.02,0.02
2012.09.12 05:09:10.411,0.3365,0.33687,0.02,0.02
2012.09.12 05:09:30.451,0.33653,0.33689,0.02,0.02
2012.09.12 05:09:34.060,0.33654,0.33691,0.02,0.02
2012.09.12 05:09:54.284,0.33655,0.33692,0.02,0.02
2012.09.12 05:10:14.280,0.33654,0.3369,0.02,0.02
2012.09.12 05:10:17.299,0.33655,0.33692,0.02,0.02
2012.09.12 05:10:25.942,0.33656,0.33693,0.02,0.02
2012.09.12 05:11:06.736,0.33657,0.33694,0.02,0.02
2012.09.12 05:11:26.924,0.33657,0.33694,0.03,0.02
2012.09.12 05:11:32.280,0.33657,0.33697,0.02,0.03
2012.09.12 05:11:41.260,0.33659,0.33698,0.02,0.02
2012.09.12 05:12:02.062,0.33661,0.33698,0.02,0.02
2012.09.12 05:12:22.279,0.33661,0.337,0.02,0.02
2012.09.12 05:12:42.811,0.33661,0.33698,0.02,0.02
2012.09.12 05:13:03.228,0.3366,0.33699,0.02,0.02
2012.09.12 05:13:07.890,0.33658,0.33696,0.03,0.03
2012.09.12 05:13:20.130,0.33654,0.33693,0.02,0.02
2012.09.12 05:13:23.170,0.33653,0.33691,0.02,0.02
2012.09.12 05:13:33.541,0.33653,0.33687,0.02,0.03
2012.09.12 05:13:33.832,0.33652,0.33687,0.02,0.02
2012.09.12 05:13:39.590,0.3365,0.33686,0.02,0.03
2012.09.12 05:13:39.650,0.3365,0.33686,0.02,0.03
2012.09.12 05:13:40.469,0.3365,0.33685,0.02,0.02
2012.09.12 05:13:43.394,0.33648,0.33684,0.02,0.02
2012.09.12 05:13:54.601,0.33649,0.33686,0.02,0.04
2012.09.12 05:13:54.661,0.3365,0.33686,0.02,0.02
2012.09.12 05:13:57.281,0.33648,0.33684,0.03,0.02
2012.09.12 05:13:59.580,0.33651,0.33687,0.02,0.04
2012.09.12 05:14:02.305,0.3365,0.33685,0.02,0.02
2012.09.12 05:14:13.001,0.33647,0.33683,0.02,0.02
2012.09.12 05:14:15.545,0.33645,0.33676,0.02,0.02
2012.09.12 05:14:17.031,0.33646,0.33682,0.02,0.02
2012.09.12 05:14:34.882,0.33646,0.33684,0.03,0.02
2012.09.12 05:14:37.969,0.33647,0.33682,0.02,0.02
2012.09.12 05:14:54.700,0.33646,0.33684,0.02,0.02
2012.09.12 05:14:57.390,0.33646,0.33683,0.02,0.02
2012.09.12 05:14:59.320,0.33646,0.33684,0.03,0.02
2012.09.12 05:15:15.637,0.33649,0.33686,0.02,0.02
2012.09.12 05:15:35.560,0.33647,0.33685,0.02,0.02
2012.09.12 05:15:39.191,0.3365,0.33686,0.02,0.03
2012.09.12 05:15:44.931,0.33652,0.33689,0.02,0.02
2012.09.12 05:15:45.689,0.33654,0.33691,0.03,0.02
2012.09.12 05:15:50.798,0.33654,0.3369,0.02,0.02
2012.09.12 05:15:52.441,0.33653,0.33689,0.02,0.02
2012.09.12 05:16:00.644,0.3365,0.33687,0.02,0.03
2012.09.12 05:16:09.081,0.33651,0.33689,0.03,0.02
2012.09.12 05:17:01.300,0.33653,0.3369,0.03,0.02
2012.09.12 05:17:21.404,0.33653,0.3369,0.02,0.03
2012.09.12 05:17:40.040,0.33651,0.33689,0.02,0.03
2012.09.12 05:17:45.921,0.33653,0.3369,0.03,0.02
2012.09.12 05:17:56.381,0.33656,0.33693,0.02,0.02
2012.09.12 05:18:16.832,0.33655,0.33692,0.02,0.02
2012.09.12 05:18:23.980,0.33654,0.3369,0.02,0.02
2012.09.12 05:18:39.001,0.33652,0.33688,0.02,0.02
2012.09.12 05:18:45.531,0.33649,0.33686,0.03,0.03
2012.09.12 05:18:55.681,0.33651,0.33689,0.02,0.02
2012.09.12 05:19:08.339,0.3365,0.33687,0.02,0.03
2012.09.12 05:19:28.711,0.33651,0.33687,0.02,0.03
2012.09.12 05:19:32.533,0.33651,0.33688,0.02,0.02
2012.09.12 05:19:52.478,0.33653,0.33689,0.02,0.02
2012.09.12 05:20:13.378,0.33653,0.33691,0.02,0.02
2012.09.12 05:20:33.291,0.33651,0.33688,0.02,0.02
2012.09.12 05:20:53.322,0.33653,0.3369,0.02,0.02
2012.09.12 05:21:14.320,0.33653,0.33691,0.02,0.02
2012.09.12 05:21:25.439,0.33652,0.33689,0.02,0.02
2012.09.12 05:21:45.113,0.33653,0.33691,0.02,0.02
2012.09.12 05:22:05.274,0.33654,0.33691,0.02,0.02
2012.09.12 05:22:25.231,0.33653,0.3369,0.02,0.02
2012.09.12 05:22:45.263,0.33654,0.33691,0.02,0.02
2012.09.12 05:23:02.831,0.33651,0.33688,0.02,0.02
2012.09.12 05:23:23.236,0.33653,0.3369,0.02,0.02
2012.09.12 05:23:43.752,0.33652,0.33691,0.03,0.02
2012.09.12 05:24:21.621,0.33654,0.33693,0.02,0.02
2012.09.12 05:24:41.323,0.33655,0.33693,0.02,0.02
2012.09.12 05:24:41.972,0.33656,0.33695,0.02,0.02
2012.09.12 05:24:42.896,0.33655,0.33694,0.02,0.02
2012.09.12 05:24:43.762,0.33654,0.33691,0.02,0.02
2012.09.12 05:24:57.512,0.3365,0.33688,0.03,0.02
2012.09.12 05:25:18.207,0.3365,0.33687,0.02,0.04
2012.09.12 05:25:31.564,0.33648,0.33686,0.02,0.02
2012.09.12 05:25:52.299,0.33648,0.33685,0.02,0.02
2012.09.12 05:25:55.538,0.33649,0.33686,0.02,0.02
2012.09.12 05:26:11.764,0.33651,0.33689,0.02,0.02
2012.09.12 05:26:32.149,0.33651,0.33689,0.02,0.02
2012.09.12 05:26:34.539,0.33649,0.33686,0.02,0.03
2012.09.12 05:26:46.792,0.33648,0.33685,0.02,0.02
2012.09.12 05:26:49.952,0.33646,0.33683,0.02,0.02
2012.09.12 05:26:50.357,0.33647,0.33685,0.02,0.02
2012.09.12 05:27:09.330,0.33646,0.33684,0.02,0.02
2012.09.12 05:27:30.219,0.33646,0.33683,0.02,0.02
2012.09.12 05:27:50.291,0.33646,0.33683,0.02,0.02
2012.09.12 05:28:10.245,0.33646,0.33685,0.02,0.02
2012.09.12 05:28:13.062,0.33647,0.33686,0.03,0.02
2012.09.12 05:28:15.807,0.3365,0.33686,0.02,0.02
2012.09.12 05:28:35.769,0.33648,0.33686,0.02,0.03
2012.09.12 05:28:39.283,0.3365,0.33688,0.02,0.02
2012.09.12 05:28:39.812,0.33648,0.33686,0.02,0.03
2012.09.12 05:28:41.312,0.33651,0.33688,0.02,0.02
2012.09.12 05:28:56.504,0.33652,0.33689,0.02,0.02
2012.09.12 05:29:00.183,0.33651,0.33688,0.02,0.02
2012.09.12 05:29:13.842,0.33648,0.33686,0.03,0.03
2012.09.12 05:29:16.772,0.33648,0.33685,0.02,0.02
2012.09.12 05:29:18.672,0.33645,0.33683,0.02,0.02
2012.09.12 05:29:23.447,0.33642,0.33679,0.02,0.02
2012.09.12 05:29:23.572,0.33638,0.33677,0.03,0.03
2012.09.12 05:29:29.365,0.33641,0.33678,0.02,0.02
2012.09.12 05:29:35.183,0.33643,0.33677,0.02,0.02
2012.09.12 05:29:48.871,0.3364,0.33677,0.02,0.02
2012.09.12 05:29:55.102,0.33637,0.33674,0.02,0.02
2012.09.12 05:30:00.894,0.33635,0.33672,0.02,0.02
2012.09.12 05:30:01.459,0.33633,0.33667,0.02,0.02
2012.09.12 05:30:07.723,0.33634,0.33673,0.02,0.02
2012.09.12 05:30:07.784,0.3364,0.33678,0.02,0.02
2012.09.12 05:30:11.326,0.33641,0.33679,0.02,0.02
2012.09.12 05:30:12.312,0.33643,0.33681,0.02,0.02
2012.09.12 05:30:18.562,0.33646,0.33684,0.02,0.02
2012.09.12 05:30:19.232,0.33645,0.33682,0.02,0.02
2012.09.12 05:30:19.572,0.33645,0.33685,0.02,0.02
2012.09.12 05:30:19.734,0.33648,0.33685,0.02,0.02
2012.09.12 05:30:20.233,0.33649,0.33686,0.02,0.02
2012.09.12 05:30:22.202,0.33648,0.33685,0.02,0.02
2012.09.12 05:30:23.123,0.33643,0.33682,0.02,0.02
2012.09.12 05:30:23.690,0.33646,0.33684,0.02,0.02
2012.09.12 05:30:24.004,0.3365,0.33687,0.02,0.04
2012.09.12 05:30:26.392,0.33649,0.33686,0.02,0.02
2012.09.12 05:30:26.809,0.3365,0.33687,0.02,0.02
2012.09.12 05:30:28.942,0.33646,0.33685,0.02,0.02
2012.09.12 05:30:29.262,0.33649,0.33686,0.02,0.03
2012.09.12 05:30:31.834,0.33647,0.33686,0.02,0.02
2012.09.12 05:30:34.027,0.33645,0.33684,0.02,0.02
2012.09.12 05:30:41.449,0.33644,0.33682,0.02,0.02
2012.09.12 05:30:56.654,0.33646,0.33683,0.02,0.02
2012.09.12 05:31:00.356,0.33647,0.33685,0.02,0.02
2012.09.12 05:31:05.452,0.33648,0.33686,0.02,0.02
2012.09.12 05:31:25.226,0.33649,0.33686,0.02,0.04
2012.09.12 05:31:39.592,0.3365,0.33687,0.02,0.02
2012.09.12 05:31:42.924,0.33651,0.3369,0.02,0.02
2012.09.12 05:31:43.729,0.33651,0.33686,0.02,0.03
2012.09.12 05:31:50.862,0.33653,0.33692,0.02,0.03
2012.09.12 05:31:53.634,0.33655,0.33694,0.02,0.02
2012.09.12 05:31:54.054,0.33658,0.33694,0.02,0.02
2012.09.12 05:31:56.152,0.33657,0.33693,0.02,0.02
2012.09.12 05:32:00.463,0.33658,0.33696,0.02,0.03
2012.09.12 05:32:12.693,0.3366,0.33696,0.02,0.02
2012.09.12 05:32:13.553,0.33662,0.33699,0.03,0.02
2012.09.12 05:32:16.817,0.33659,0.33697,0.03,0.03
2012.09.12 05:32:31.866,0.33658,0.33696,0.03,0.03
2012.09.12 05:32:36.060,0.33657,0.33694,0.02,0.02
2012.09.12 05:32:45.653,0.33659,0.33695,0.02,0.02
2012.09.12 05:32:46.194,0.33661,0.33697,0.02,0.03
2012.09.12 05:33:06.283,0.3366,0.33697,0.03,0.03
2012.09.12 05:33:09.803,0.33663,0.33699,0.03,0.02
2012.09.12 05:33:09.963,0.33669,0.33706,0.02,0.06
2012.09.12 05:33:14.691,0.33671,0.33708,0.02,0.02
2012.09.12 05:33:16.673,0.33672,0.33709,0.02,0.03
2012.09.12 05:33:16.764,0.33673,0.33714,0.02,0.03
2012.09.12 05:33:17.289,0.33677,0.33714,0.02,0.02
2012.09.12 05:33:20.249,0.33677,0.33716,0.03,0.02
2012.09.12 05:33:27.994,0.33683,0.3372,0.02,0.03
2012.09.12 05:33:29.303,0.33681,0.33717,0.02,0.03
2012.09.12 05:33:30.272,0.33684,0.33719,0.02,0.02
2012.09.12 05:33:30.393,0.33685,0.33722,0.02,0.02
2012.09.12 05:33:36.093,0.33687,0.33723,0.02,0.02
2012.09.12 05:33:38.584,0.33685,0.33723,0.02,0.02
2012.09.12 05:33:39.803,0.33681,0.33718,0.03,0.02
2012.09.12 05:33:43.323,0.33679,0.33716,0.02,0.04
2012.09.12 05:33:48.973,0.3368,0.33716,0.02,0.02
2012.09.12 05:33:55.392,0.33679,0.33717,0.02,0.05
2012.09.12 05:33:56.453,0.33679,0.33716,0.03,0.03
2012.09.12 05:33:57.582,0.33679,0.33716,0.02,0.02
2012.09.12 05:34:00.223,0.33676,0.33715,0.02,0.02
2012.09.12 05:34:10.076,0.33674,0.33713,0.02,0.02
2012.09.12 05:34:13.912,0.33676,0.33715,0.02,0.02
2012.09.12 05:34:14.399,0.33674,0.33713,0.02,0.02
2012.09.12 05:34:15.069,0.33676,0.33714,0.02,0.02
2012.09.12 05:34:15.373,0.33674,0.33706,0.02,0.02
2012.09.12 05:34:19.075,0.33679,0.33715,0.02,0.02
2012.09.12 05:34:19.143,0.33679,0.33716,0.02,0.02
2012.09.12 05:34:19.775,0.33677,0.33714,0.02,0.02
2012.09.12 05:34:32.363,0.33674,0.33713,0.03,0.02
2012.09.12 05:34:32.653,0.33677,0.33715,0.02,0.02
2012.09.12 05:34:33.501,0.3368,0.33716,0.02,0.02
2012.09.12 05:34:39.349,0.33681,0.33719,0.02,0.02
2012.09.12 05:34:41.389,0.33683,0.3372,0.02,0.02
2012.09.12 05:34:54.062,0.33682,0.33719,0.02,0.02
2012.09.12 05:35:09.253,0.33682,0.3372,0.02,0.02
2012.09.12 05:35:12.894,0.33684,0.33721,0.02,0.02
2012.09.12 05:35:21.384,0.33685,0.33724,0.02,0.02
2012.09.12 05:35:21.563,0.33687,0.33726,0.03,0.04
2012.09.12 05:35:28.208,0.3369,0.33726,0.02,0.02
2012.09.12 05:35:30.177,0.33691,0.33729,0.03,0.02
2012.09.12 05:35:39.654,0.33695,0.3373,0.02,0.03
2012.09.12 05:35:41.934,0.33696,0.33733,0.02,0.02
2012.09.12 05:35:42.833,0.33699,0.33735,0.02,0.02
2012.09.12 05:35:43.024,0.33695,0.33732,0.02,0.02
2012.09.12 05:35:47.922,0.33693,0.33729,0.02,0.02
2012.09.12 05:35:51.643,0.33694,0.33729,0.02,0.03
2012.09.12 05:35:57.653,0.33695,0.33732,0.02,0.02
2012.09.12 05:35:57.730,0.33697,0.33734,0.02,0.02
2012.09.12 05:36:02.419,0.33696,0.33732,0.02,0.02
2012.09.12 05:36:03.066,0.33693,0.3373,0.02,0.02
2012.09.12 05:36:03.225,0.33693,0.33728,0.02,0.02
2012.09.12 05:36:07.333,0.33687,0.33724,0.02,0.02
2012.09.12 05:36:07.452,0.33689,0.33726,0.02,0.02
2012.09.12 05:36:08.170,0.33691,0.33727,0.02,0.03
2012.09.12 05:36:08.684,0.33693,0.33729,0.02,0.02
2012.09.12 05:36:10.393,0.33693,0.33729,0.03,0.02
2012.09.12 05:36:10.453,0.33696,0.33732,0.02,0.02
2012.09.12 05:36:11.083,0.33691,0.33726,0.02,0.02
2012.09.12 05:36:12.144,0.33692,0.33729,0.03,0.02
2012.09.12 05:36:14.128,0.33689,0.33727,0.02,0.03
2012.09.12 05:36:14.253,0.33689,0.33726,0.02,0.04
2012.09.12 05:36:15.013,0.33687,0.33723,0.02,0.02
2012.09.12 05:36:23.854,0.33685,0.33722,0.02,0.02
2012.09.12 05:36:30.633,0.33687,0.33724,0.02,0.02
2012.09.12 05:36:41.629,0.33686,0.33722,0.02,0.02
2012.09.12 05:36:44.634,0.33683,0.33719,0.02,0.02
2012.09.12 05:36:45.119,0.33683,0.33719,0.02,0.02
2012.09.12 05:36:52.543,0.33678,0.33717,0.02,0.03
2012.09.12 05:36:52.663,0.33677,0.33714,0.03,0.02
2012.09.12 05:36:55.565,0.33677,0.33712,0.02,0.02
2012.09.12 05:36:56.433,0.33674,0.33711,0.02,0.03
2012.09.12 05:37:13.870,0.33672,0.33709,0.03,0.02
2012.09.12 05:37:17.923,0.3367,0.33707,0.02,0.03
2012.09.12 05:37:20.154,0.3367,0.33709,0.03,0.02
2012.09.12 05:37:22.447,0.33671,0.33706,0.02,0.03
2012.09.12 05:37:24.814,0.33674,0.3371,0.02,0.02
2012.09.12 05:37:29.977,0.33675,0.3371,0.02,0.02
2012.09.12 05:37:30.593,0.33675,0.33711,0.02,0.02
2012.09.12 05:37:30.747,0.33677,0.33714,0.02,0.02
2012.09.12 05:37:31.103,0.33678,0.33715,0.02,0.02
2012.09.12 05:37:31.659,0.33678,0.33714,0.02,0.02
2012.09.12 05:37:35.626,0.33676,0.33714,0.02,0.02
2012.09.12 05:37:39.233,0.33675,0.33712,0.02,0.02
2012.09.12 05:37:42.745,0.33672,0.33711,0.02,0.02
2012.09.12 05:37:45.016,0.33674,0.33713,0.02,0.03
2012.09.12 05:37:45.344,0.33676,0.33714,0.02,0.02
2012.09.12 05:37:48.524,0.33675,0.33712,0.02,0.02
2012.09.12 05:37:54.802,0.33676,0.33714,0.02,0.02
2012.09.12 05:37:55.272,0.33678,0.33715,0.02,0.02
2012.09.12 05:38:07.124,0.3368,0.33716,0.02,0.02
2012.09.12 05:38:17.646,0.3368,0.33719,0.02,0.03
2012.09.12 05:38:18.364,0.3368,0.33716,0.02,0.02
2012.09.12 05:38:25.824,0.3368,0.33718,0.02,0.02
2012.09.12 05:38:42.986,0.3368,0.33717,0.02,0.04
2012.09.12 05:38:46.753,0.3368,0.33719,0.02,0.03
2012.09.12 05:38:55.785,0.3368,0.33717,0.02,0.02
2012.09.12 05:39:04.474,0.33678,0.33716,0.02,0.04
2012.09.12 05:39:05.083,0.33676,0.33715,0.02,0.02
2012.09.12 05:39:05.263,0.3368,0.33717,0.02,0.02
2012.09.12 05:39:16.573,0.33682,0.33719,0.02,0.02
2012.09.12 05:39:19.913,0.33681,0.33717,0.02,0.02
2012.09.12 05:39:34.767,0.33679,0.33716,0.02,0.02
2012.09.12 05:39:38.333,0.33675,0.33713,0.02,0.02
2012.09.12 05:39:42.203,0.33672,0.33709,0.03,0.02
2012.09.12 05:39:43.173,0.33675,0.3371,0.02,0.02
2012.09.12 05:39:43.631,0.33676,0.33713,0.02,0.02
2012.09.12 05:39:48.693,0.33673,0.3371,0.02,0.02
2012.09.12 05:39:49.454,0.33671,0.33706,0.02,0.03
2012.09.12 05:39:50.004,0.33669,0.33706,0.03,0.03
2012.09.12 05:40:04.433,0.33671,0.33707,0.02,0.02
2012.09.12 05:40:04.953,0.33669,0.33705,0.02,0.02
2012.09.12 05:40:12.555,0.33667,0.33705,0.02,0.02
2012.09.12 05:40:13.340,0.33668,0.33706,0.02,0.03
2012.09.12 05:40:21.624,0.33669,0.33705,0.02,0.02
2012.09.12 05:40:24.335,0.33665,0.33703,0.03,0.02
2012.09.12 05:40:26.325,0.33665,0.33702,0.02,0.02
2012.09.12 05:40:26.504,0.33662,0.33697,0.02,0.02
2012.09.12 05:40:27.974,0.33661,0.33697,0.02,0.02
2012.09.12 05:40:29.405,0.33662,0.337,0.02,0.02
2012.09.12 05:40:42.930,0.33662,0.33698,0.02,0.02
2012.09.12 05:41:07.224,0.33659,0.33695,0.02,0.02
2012.09.12 05:41:27.537,0.33658,0.33696,0.02,0.04
2012.09.12 05:41:29.190,0.33657,0.33694,0.02,0.02
2012.09.12 05:41:33.229,0.33655,0.33687,0.02,0.02
2012.09.12 05:41:33.294,0.33654,0.33692,0.02,0.03
2012.09.12 05:41:45.914,0.33657,0.33694,0.02,0.02
2012.09.12 05:41:47.634,0.33658,0.33696,0.02,0.04
2012.09.12 05:41:48.083,0.33655,0.33695,0.03,0.02
2012.09.12 05:41:50.384,0.33657,0.33696,0.02,0.02
2012.09.12 05:41:59.163,0.3366,0.33697,0.02,0.03
2012.09.12 05:42:01.273,0.33658,0.33696,0.02,0.02
2012.09.12 05:42:08.283,0.33656,0.33695,0.02,0.02
2012.09.12 05:42:09.973,0.33659,0.33696,0.02,0.02
2012.09.12 05:42:30.410,0.3366,0.33697,0.02,0.04
2012.09.12 05:42:38.521,0.3366,0.33699,0.02,0.02
2012.09.12 05:42:38.864,0.33663,0.337,0.02,0.02
2012.09.12 05:42:49.654,0.33663,0.33703,0.03,0.02
2012.09.12 05:43:01.018,0.33663,0.337,0.03,0.02
2012.09.12 05:43:05.984,0.33664,0.33703,0.02,0.03
2012.09.12 05:43:13.352,0.33666,0.33703,0.02,0.02
2012.09.12 05:43:18.262,0.33664,0.33703,0.03,0.02
2012.09.12 05:43:32.494,0.33667,0.33704,0.02,0.02
2012.09.12 05:43:34.408,0.33665,0.33703,0.02,0.02
2012.09.12 05:43:36.734,0.33664,0.33699,0.02,0.02
2012.09.12 05:43:37.375,0.33662,0.33696,0.02,0.02
2012.09.12 05:43:49.804,0.33663,0.33701,0.03,0.02
2012.09.12 05:43:53.603,0.33666,0.33701,0.02,0.02
2012.09.12 05:44:06.413,0.33668,0.33704,0.02,0.02
2012.09.12 05:44:23.533,0.33669,0.33705,0.02,0.02
2012.09.12 05:44:33.884,0.33667,0.33704,0.02,0.02
2012.09.12 05:44:34.354,0.33669,0.33705,0.02,0.02
2012.09.12 05:44:38.554,0.33668,0.33704,0.02,0.02
2012.09.12 05:44:41.383,0.33666,0.33702,0.02,0.02
2012.09.12 05:44:42.179,0.33663,0.337,0.02,0.02
2012.09.12 05:44:43.094,0.33665,0.33702,0.02,0.02
2012.09.12 05:44:44.124,0.33663,0.337,0.02,0.02
2012.09.12 05:44:44.454,0.33665,0.33701,0.02,0.02
2012.09.12 05:44:46.824,0.33664,0.33701,0.02,0.02
2012.09.12 05:44:48.815,0.33662,0.33697,0.02,0.02
2012.09.12 05:44:50.074,0.33666,0.33703,0.02,0.02
2012.09.12 05:44:53.644,0.33668,0.33705,0.02,0.02
2012.09.12 05:45:00.967,0.33669,0.33706,0.02,0.03
2012.09.12 05:45:03.834,0.33668,0.33704,0.02,0.02
2012.09.12 05:45:04.985,0.33669,0.33706,0.02,0.02
2012.09.12 05:45:06.014,0.33672,0.33707,0.02,0.02
2012.09.12 05:45:16.134,0.33669,0.33706,0.02,0.03
2012.09.12 05:45:19.282,0.33669,0.33704,0.02,0.02
2012.09.12 05:45:23.663,0.33667,0.33703,0.02,0.02
2012.09.12 05:45:30.674,0.33665,0.33701,0.02,0.02
2012.09.12 05:45:40.324,0.33665,0.33703,0.02,0.02
2012.09.12 05:45:52.186,0.33666,0.33705,0.02,0.02
2012.09.12 05:46:12.258,0.33666,0.33703,0.02,0.02
2012.09.12 05:46:13.944,0.33663,0.33702,0.04,0.02
2012.09.12 05:46:19.705,0.33661,0.33696,0.02,0.02
2012.09.12 05:46:24.546,0.33661,0.33697,0.02,0.02
2012.09.12 05:46:41.366,0.33664,0.33701,0.02,0.02
2012.09.12 05:46:47.730,0.33662,0.33699,0.02,0.02
2012.09.12 05:46:54.944,0.3366,0.33699,0.02,0.02
2012.09.12 05:47:03.824,0.33657,0.33695,0.02,0.02
2012.09.12 05:47:04.936,0.33656,0.33693,0.02,0.02
2012.09.12 05:47:12.324,0.33657,0.33695,0.02,0.02
2012.09.12 05:47:21.192,0.33655,0.33694,0.02,0.02
2012.09.12 05:47:31.664,0.33654,0.33692,0.02,0.02
2012.09.12 05:47:33.024,0.33651,0.33687,0.02,0.02
2012.09.12 05:47:38.864,0.33652,0.3369,0.02,0.03
2012.09.12 05:47:46.446,0.33656,0.33693,0.02,0.02
2012.09.12 05:48:02.334,0.33654,0.3369,0.02,0.02
2012.09.12 05:48:02.980,0.33651,0.33688,0.02,0.02
2012.09.12 05:48:06.984,0.33649,0.33687,0.02,0.04
2012.09.12 05:48:07.621,0.33646,0.33685,0.02,0.02
2012.09.12 05:48:13.289,0.33648,0.33686,0.02,0.02
2012.09.12 05:48:19.948,0.33649,0.33686,0.02,0.02
2012.09.12 05:48:31.105,0.33647,0.33687,0.02,0.05
2012.09.12 05:48:33.686,0.33645,0.33685,0.02,0.03
2012.09.12 05:48:36.085,0.33647,0.33686,0.02,0.02
2012.09.12 05:48:54.964,0.33646,0.33685,0.03,0.02
2012.09.12 05:48:55.359,0.33648,0.33686,0.02,0.02
2012.09.12 05:48:58.519,0.33649,0.33687,0.02,0.03
2012.09.12 05:48:59.278,0.33652,0.33689,0.02,0.02
2012.09.12 05:49:19.313,0.33652,0.33689,0.02,0.02
2012.09.12 05:49:37.674,0.3365,0.33688,0.03,0.02
2012.09.12 05:49:54.425,0.33649,0.33686,0.02,0.02
2012.09.12 05:49:54.545,0.33648,0.33684,0.02,0.02
2012.09.12 05:49:57.444,0.33648,0.33686,0.02,0.02
2012.09.12 05:49:58.258,0.33647,0.33684,0.02,0.02
2012.09.12 05:49:59.623,0.33648,0.33686,0.02,0.04
2012.09.12 05:50:00.105,0.3365,0.33687,0.02,0.03
2012.09.12 05:50:01.157,0.33649,0.33686,0.02,0.02
2012.09.12 05:50:03.354,0.3365,0.33687,0.02,0.04
2012.09.12 05:50:15.524,0.33651,0.33687,0.03,0.03
2012.09.12 05:50:24.056,0.33654,0.33689,0.02,0.02
2012.09.12 05:50:24.705,0.33652,0.33689,0.02,0.02
2012.09.12 05:50:32.094,0.33652,0.33687,0.02,0.03
2012.09.12 05:50:36.735,0.33652,0.33689,0.02,0.02
2012.09.12 05:50:39.553,0.33651,0.33686,0.02,0.02
2012.09.12 05:50:40.104,0.33649,0.33686,0.02,0.02
2012.09.12 05:50:41.474,0.3365,0.33687,0.02,0.02
2012.09.12 05:50:44.872,0.33647,0.33686,0.03,0.02
2012.09.12 05:50:47.814,0.33649,0.33686,0.03,0.02
2012.09.12 05:51:07.727,0.33649,0.33686,0.02,0.02
2012.09.12 05:51:21.475,0.33655,0.33691,0.02,0.02
2012.09.12 05:51:21.814,0.33655,0.33693,0.02,0.02
2012.09.12 05:51:29.221,0.33654,0.33692,0.02,0.03
2012.09.12 05:51:43.084,0.33656,0.33693,0.02,0.02
2012.09.12 05:51:53.455,0.33659,0.33694,0.02,0.02
2012.09.12 05:52:20.874,0.33659,0.33696,0.02,0.03
2012.09.12 05:52:26.316,0.33659,0.33694,0.02,0.02
2012.09.12 05:52:29.995,0.33661,0.33698,0.03,0.02
2012.09.12 05:52:37.466,0.33664,0.337,0.02,0.02
2012.09.12 05:53:08.926,0.33661,0.33697,0.02,0.03
2012.09.12 05:53:10.755,0.33663,0.337,0.02,0.02
2012.09.12 05:53:17.645,0.33662,0.33697,0.02,0.02
2012.09.12 05:53:38.095,0.33661,0.33697,0.02,0.03
2012.09.12 05:53:46.689,0.33659,0.33696,0.02,0.03
2012.09.12 05:53:48.538,0.3366,0.33696,0.02,0.03
2012.09.12 05:53:49.735,0.33658,0.33695,0.02,0.02
2012.09.12 05:54:00.525,0.3366,0.33697,0.02,0.03
2012.09.12 05:54:13.006,0.33659,0.33695,0.02,0.02
2012.09.12 05:54:14.842,0.33661,0.33697,0.02,0.04
2012.09.12 05:54:23.115,0.33658,0.33695,0.02,0.02
2012.09.12 05:54:56.347,0.33658,0.33693,0.02,0.02
2012.09.12 05:54:58.966,0.33658,0.33696,0.02,0.04
2012.09.12 05:55:02.326,0.3366,0.33696,0.02,0.03
2012.09.12 05:55:21.748,0.3366,0.33695,0.02,0.02
2012.09.12 05:55:34.965,0.33657,0.33694,0.02,0.02
2012.09.12 05:55:47.827,0.33657,0.33696,0.03,0.02
2012.09.12 05:55:51.265,0.33656,0.33694,0.02,0.02
2012.09.12 05:55:58.016,0.33655,0.33692,0.03,0.02
2012.09.12 05:56:04.885,0.33652,0.33691,0.03,0.02
2012.09.12 05:56:12.243,0.33652,0.33689,0.02,0.02
2012.09.12 05:56:13.170,0.33649,0.33686,0.03,0.03
2012.09.12 05:56:15.006,0.33651,0.3369,0.02,0.03
2012.09.12 05:56:20.876,0.33653,0.33692,0.03,0.02
2012.09.12 05:56:34.336,0.33653,0.3369,0.02,0.02
2012.09.12 05:56:35.066,0.33651,0.33688,0.02,0.02
2012.09.12 05:56:35.376,0.33652,0.33689,0.02,0.02
2012.09.12 05:56:46.813,0.33654,0.33692,0.02,0.02
2012.09.12 05:57:06.798,0.33654,0.33693,0.03,0.02
2012.09.12 05:57:14.326,0.33653,0.3369,0.02,0.02
2012.09.12 05:57:16.246,0.33653,0.33693,0.03,0.02
2012.09.12 05:57:36.240,0.33656,0.33692,0.02,0.02
2012.09.12 05:57:42.876,0.33654,0.33691,0.02,0.02
2012.09.12 05:58:02.526,0.33654,0.33691,0.03,0.02
2012.09.12 05:58:05.626,0.33656,0.33693,0.02,0.02
2012.09.12 05:58:10.097,0.33655,0.33692,0.02,0.02
2012.09.12 05:58:14.363,0.33656,0.33694,0.02,0.02
2012.09.12 05:58:24.166,0.33656,0.33695,0.03,0.02
2012.09.12 05:58:30.576,0.33656,0.33694,0.02,0.03
2012.09.12 05:58:41.436,0.33654,0.33692,0.02,0.02
2012.09.12 05:58:51.136,0.33651,0.33688,0.03,0.02
2012.09.12 05:58:53.482,0.33653,0.33689,0.02,0.02
2012.09.12 05:58:59.748,0.33651,0.33689,0.02,0.02
2012.09.12 05:59:00.251,0.33649,0.33687,0.03,0.02
2012.09.12 05:59:01.488,0.33651,0.33688,0.02,0.02
2012.09.12 05:59:07.679,0.33648,0.33686,0.03,0.03
2012.09.12 05:59:13.356,0.33651,0.33686,0.02,0.02
2012.09.12 05:59:18.546,0.33649,0.33687,0.03,0.04
2012.09.12 05:59:31.736,0.33656,0.33693,0.02,0.02
2012.09.12 05:59:46.028,0.33654,0.33691,0.02,0.02
2012.09.12 05:59:58.934,0.33653,0.3369,0.02,0.02
