2015.06.05 00:00:07.802,0.1616,0.16196,0.11,0.02
2015.06.05 00:00:08.921,0.16161,0.16196,0.02,0.19
2015.06.05 00:00:09.022,0.16161,0.16199,0.20,0.19
2015.06.05 00:00:09.122,0.16164,0.16199,0.08,0.14
2015.06.05 00:00:09.223,0.1616,0.16196,0.15,0.21
2015.06.05 00:00:09.810,0.16161,0.16197,0.20,0.26
2015.06.05 00:00:10.114,0.16163,0.16198,0.02,0.19
2015.06.05 00:00:11.627,0.16162,0.16199,0.20,0.02
2015.06.05 00:00:13.051,0.16162,0.16197,0.20,0.02
2015.06.05 00:00:13.612,0.16164,0.16197,0.14,0.02
2015.06.05 00:00:14.423,0.16162,0.16197,0.12,0.02
2015.06.05 00:00:14.976,0.16163,0.16197,0.11,0.02
2015.06.05 00:00:16.327,0.16164,0.16197,0.02,0.02
2015.06.05 00:00:17.064,0.16164,0.16198,0.02,0.02
2015.06.05 00:00:22.116,0.16164,0.16195,0.02,0.02
2015.06.05 00:00:25.933,0.16165,0.16195,0.20,0.02
2015.06.05 00:00:26.997,0.16165,0.16198,0.02,0.02
2015.06.05 00:00:38.086,0.16167,0.162,0.01,0.02
2015.06.05 00:00:38.461,0.16163,0.162,0.21,0.02
2015.06.05 00:00:40.066,0.16163,0.16196,0.21,0.02
2015.06.05 00:00:40.778,0.16166,0.16196,0.19,0.02
2015.06.05 00:00:44.153,0.16166,0.16197,0.11,0.02
2015.06.05 00:00:45.995,0.16165,0.16197,0.25,0.02
2015.06.05 00:00:58.525,0.16165,0.16195,0.24,0.02
2015.06.05 00:00:58.626,0.16163,0.16195,0.18,0.02
2015.06.05 00:01:04.270,0.16162,0.16195,0.03,0.02
2015.06.05 00:01:06.176,0.16163,0.16195,0.01,0.02
2015.06.05 00:01:08.082,0.16162,0.16195,0.03,0.02
2015.06.05 00:01:10.164,0.16163,0.16195,0.01,0.02
2015.06.05 00:01:11.894,0.16162,0.16195,0.18,0.02
2015.06.05 00:01:13.837,0.16163,0.16195,0.01,0.02
2015.06.05 00:01:17.514,0.16162,0.16195,0.18,0.02
2015.06.05 00:01:25.142,0.16163,0.16195,0.01,0.02
2015.06.05 00:01:32.771,0.16162,0.16195,0.18,0.02
2015.06.05 00:01:34.677,0.16163,0.16195,0.01,0.02
2015.06.05 00:01:38.490,0.16162,0.16195,0.18,0.02
2015.06.05 00:01:41.680,0.16162,0.16198,0.18,0.02
2015.06.05 00:01:41.731,0.16164,0.16198,0.18,0.02
2015.06.05 00:01:49.638,0.16163,0.16198,0.20,0.02
2015.06.05 00:01:51.243,0.16164,0.16198,0.01,0.02
2015.06.05 00:01:56.895,0.16163,0.16198,0.20,0.02
2015.06.05 00:01:59.293,0.16163,0.16195,0.01,0.02
2015.06.05 00:01:59.785,0.16161,0.16195,0.01,0.02
2015.06.05 00:02:00.298,0.16165,0.16195,0.19,0.02
2015.06.05 00:02:00.800,0.16163,0.16195,0.01,0.02
2015.06.05 00:02:02.333,0.16162,0.16195,0.01,0.02
2015.06.05 00:02:02.505,0.16165,0.16195,0.17,0.02
2015.06.05 00:02:03.314,0.16165,0.16197,0.17,0.02
2015.06.05 00:02:05.909,0.16164,0.16197,0.02,0.02
2015.06.05 00:02:06.432,0.16163,0.16197,0.01,0.02
2015.06.05 00:02:07.384,0.16163,0.16196,0.01,0.02
2015.06.05 00:02:07.925,0.16162,0.16196,0.01,0.02
2015.06.05 00:02:10.345,0.16163,0.16196,0.01,0.02
2015.06.05 00:02:11.048,0.16162,0.16196,0.23,0.02
2015.06.05 00:02:12.487,0.16163,0.16196,0.16,0.02
2015.06.05 00:02:30.253,0.16164,0.16196,0.21,0.02
2015.06.05 00:02:31.003,0.16164,0.16197,0.21,0.02
2015.06.05 00:02:34.264,0.16166,0.16197,0.18,0.02
2015.06.05 00:02:34.334,0.16166,0.16201,0.18,0.02
2015.06.05 00:02:34.835,0.16167,0.16201,0.10,0.02
2015.06.05 00:03:00.412,0.16167,0.16204,0.14,0.02
2015.06.05 00:03:04.173,0.16166,0.16204,0.19,0.02
2015.06.05 00:03:04.223,0.16166,0.16198,0.19,0.02
2015.06.05 00:03:04.774,0.16165,0.16198,0.01,0.02
2015.06.05 00:03:05.527,0.16164,0.16198,0.19,0.02
2015.06.05 00:03:05.857,0.16166,0.16198,0.01,0.02
2015.06.05 00:03:06.326,0.16163,0.16198,0.24,0.02
2015.06.05 00:03:10.124,0.16164,0.16198,0.01,0.02
2015.06.05 00:03:11.969,0.16163,0.16198,0.24,0.02
2015.06.05 00:03:13.941,0.16164,0.16198,0.01,0.02
2015.06.05 00:03:15.554,0.16163,0.16198,0.18,0.02
2015.06.05 00:03:16.196,0.16164,0.16198,0.01,0.02
2015.06.05 00:03:23.370,0.16163,0.16198,0.18,0.02
2015.06.05 00:03:31.647,0.16163,0.16196,0.01,0.02
2015.06.05 00:03:31.708,0.16161,0.16196,0.20,0.02
2015.06.05 00:03:33.509,0.16162,0.16196,0.01,0.02
2015.06.05 00:03:35.530,0.16163,0.16196,0.16,0.02
2015.06.05 00:03:36.140,0.16162,0.16196,0.16,0.02
2015.06.05 00:03:40.675,0.16163,0.16196,0.01,0.02
2015.06.05 00:03:41.243,0.16162,0.16196,0.18,0.02
2015.06.05 00:03:42.192,0.16164,0.16196,0.18,0.02
2015.06.05 00:03:42.702,0.16161,0.16196,0.13,0.02
2015.06.05 00:03:44.100,0.16163,0.16196,0.01,0.02
2015.06.05 00:03:44.666,0.16164,0.16196,0.01,0.02
2015.06.05 00:03:45.707,0.16164,0.16198,0.01,0.02
2015.06.05 00:03:46.317,0.16163,0.16198,0.20,0.02
2015.06.05 00:03:46.977,0.16162,0.16198,0.18,0.02
2015.06.05 00:03:48.133,0.16164,0.16198,0.19,0.02
2015.06.05 00:03:54.204,0.16162,0.16198,0.23,0.02
2015.06.05 00:03:54.791,0.16162,0.16195,0.23,0.02
2015.06.05 00:04:07.544,0.16161,0.16195,0.09,0.02
2015.06.05 00:04:13.205,0.16162,0.16195,0.01,0.02
2015.06.05 00:04:15.123,0.16161,0.16195,0.09,0.02
2015.06.05 00:04:17.032,0.16162,0.16195,0.01,0.02
2015.06.05 00:04:18.945,0.16161,0.16195,0.09,0.02
2015.06.05 00:04:22.759,0.16162,0.16195,0.01,0.02
2015.06.05 00:04:24.564,0.16161,0.16195,0.01,0.02
2015.06.05 00:04:30.379,0.16162,0.16195,0.01,0.02
2015.06.05 00:04:34.087,0.16161,0.16195,0.21,0.02
2015.06.05 00:04:36.042,0.16162,0.16195,0.01,0.02
2015.06.05 00:04:39.902,0.16161,0.16195,0.21,0.02
2015.06.05 00:04:43.644,0.16162,0.16195,0.01,0.02
2015.06.05 00:04:49.313,0.16161,0.16195,0.01,0.02
2015.06.05 00:04:51.233,0.16162,0.16195,0.01,0.02
2015.06.05 00:04:53.143,0.16161,0.16195,0.01,0.02
2015.06.05 00:04:54.853,0.16161,0.16203,0.01,0.03
2015.06.05 00:04:55.541,0.16162,0.16202,0.01,0.03
2015.06.05 00:05:00.773,0.16161,0.16203,0.01,0.03
2015.06.05 00:05:04.732,0.16162,0.16202,0.01,0.03
2015.06.05 00:05:08.298,0.16161,0.16203,0.19,0.12
2015.06.05 00:05:10.305,0.16162,0.16202,0.01,0.03
2015.06.05 00:05:11.409,0.16162,0.16203,0.01,0.11
2015.06.05 00:05:14.002,0.16163,0.16203,0.02,0.01
2015.06.05 00:05:14.712,0.16163,0.16202,0.03,0.01
2015.06.05 00:05:17.827,0.16163,0.16203,0.02,0.01
2015.06.05 00:05:19.330,0.16162,0.16203,0.03,0.03
2015.06.05 00:05:19.864,0.16163,0.16202,0.01,0.01
2015.06.05 00:05:21.639,0.16162,0.16203,0.03,0.03
2015.06.05 00:05:23.545,0.16163,0.16202,0.01,0.01
2015.06.05 00:05:25.450,0.16162,0.16203,0.03,0.03
2015.06.05 00:05:27.355,0.16163,0.16202,0.01,0.01
2015.06.05 00:05:29.259,0.16162,0.16203,0.01,0.13
2015.06.05 00:05:30.549,0.16163,0.16203,0.18,0.01
2015.06.05 00:05:31.164,0.16163,0.16202,0.19,0.01
2015.06.05 00:05:33.097,0.16163,0.16203,0.18,0.01
2015.06.05 00:05:34.873,0.16163,0.16202,0.19,0.01
2015.06.05 00:05:36.878,0.16163,0.16203,0.18,0.01
2015.06.05 00:05:37.755,0.16162,0.16203,0.03,0.03
2015.06.05 00:05:38.366,0.16163,0.16202,0.01,0.01
2015.06.05 00:05:39.007,0.16162,0.16203,0.03,0.03
2015.06.05 00:05:39.517,0.16163,0.16202,0.03,0.01
2015.06.05 00:05:40.688,0.16163,0.16203,0.02,0.01
2015.06.05 00:05:41.198,0.16162,0.16203,0.01,0.01
2015.06.05 00:05:41.829,0.16163,0.16202,0.01,0.01
2015.06.05 00:05:42.594,0.16162,0.16203,0.03,0.01
2015.06.05 00:05:48.249,0.16163,0.16202,0.01,0.01
2015.06.05 00:05:50.166,0.16162,0.16203,0.11,0.01
2015.06.05 00:05:57.739,0.16163,0.16202,0.01,0.01
2015.06.05 00:06:01.603,0.16162,0.16203,0.11,0.01
2015.06.05 00:06:03.480,0.16163,0.16202,0.01,0.01
2015.06.05 00:06:07.295,0.16162,0.16203,0.01,0.01
2015.06.05 00:06:11.023,0.16163,0.16202,0.01,0.01
2015.06.05 00:06:14.849,0.16162,0.16203,0.01,0.20
2015.06.05 00:06:16.761,0.16163,0.16202,0.01,0.01
2015.06.05 00:06:18.675,0.16162,0.16202,0.01,0.10
2015.06.05 00:06:22.395,0.16163,0.16202,0.01,0.12
2015.06.05 00:06:22.748,0.16163,0.16197,0.01,0.02
2015.06.05 00:06:23.302,0.16164,0.16197,0.01,0.02
2015.06.05 00:06:23.947,0.16165,0.16197,0.01,0.02
2015.06.05 00:06:24.498,0.16164,0.16197,0.01,0.02
2015.06.05 00:06:28.430,0.16165,0.16197,0.01,0.02
2015.06.05 00:06:29.259,0.16164,0.16197,0.01,0.02
2015.06.05 00:06:30.757,0.16163,0.16197,0.01,0.02
2015.06.05 00:06:31.449,0.16164,0.16197,0.01,0.02
2015.06.05 00:06:31.760,0.16164,0.16195,0.01,0.02
2015.06.05 00:06:33.666,0.16166,0.16196,0.01,0.02
2015.06.05 00:06:34.173,0.16163,0.16195,0.01,0.02
2015.06.05 00:06:34.912,0.16164,0.16195,0.01,0.02
2015.06.05 00:06:36.801,0.16163,0.16195,0.01,0.02
2015.06.05 00:06:42.972,0.16164,0.16195,0.01,0.02
2015.06.05 00:06:46.298,0.16163,0.16195,0.01,0.02
2015.06.05 00:06:48.696,0.16164,0.16195,0.01,0.02
2015.06.05 00:06:52.701,0.16163,0.16195,0.01,0.02
2015.06.05 00:06:53.911,0.16164,0.16195,0.01,0.02
2015.06.05 00:06:55.994,0.16163,0.16195,0.01,0.02
2015.06.05 00:06:56.099,0.16163,0.16197,0.01,0.02
2015.06.05 00:06:56.149,0.16165,0.16197,0.01,0.02
2015.06.05 00:07:01.877,0.16166,0.16197,0.01,0.02
2015.06.05 00:07:02.917,0.16165,0.16195,0.01,0.02
2015.06.05 00:07:03.018,0.16164,0.16195,0.01,0.02
2015.06.05 00:07:04.420,0.16163,0.16195,0.01,0.02
2015.06.05 00:07:04.485,0.16165,0.16195,0.01,0.02
2015.06.05 00:07:06.798,0.16166,0.16196,0.01,0.02
2015.06.05 00:07:06.901,0.16164,0.16195,0.01,0.02
2015.06.05 00:07:08.515,0.16165,0.16195,0.01,0.02
2015.06.05 00:07:12.020,0.16165,0.16197,0.01,0.02
2015.06.05 00:07:12.960,0.16166,0.16197,0.01,0.02
2015.06.05 00:07:13.116,0.16164,0.16197,0.01,0.02
2015.06.05 00:07:14.194,0.16163,0.16197,0.01,0.02
2015.06.05 00:07:15.997,0.16163,0.16196,0.01,0.02
2015.06.05 00:07:16.607,0.16164,0.16196,0.01,0.02
2015.06.05 00:07:17.977,0.16163,0.16196,0.01,0.02
2015.06.05 00:07:19.847,0.16164,0.16196,0.01,0.02
2015.06.05 00:07:23.656,0.16163,0.16196,0.01,0.02
2015.06.05 00:07:27.501,0.16164,0.16196,0.01,0.02
2015.06.05 00:07:29.974,0.16163,0.16196,0.01,0.02
2015.06.05 00:07:35.086,0.16164,0.16196,0.01,0.02
2015.06.05 00:07:36.892,0.16163,0.16196,0.01,0.02
2015.06.05 00:07:40.701,0.16164,0.16196,0.01,0.02
2015.06.05 00:07:42.605,0.16163,0.16196,0.01,0.02
2015.06.05 00:07:46.427,0.16164,0.16196,0.01,0.02
2015.06.05 00:07:47.108,0.16163,0.16196,0.01,0.02
2015.06.05 00:07:52.156,0.16164,0.16196,0.01,0.02
2015.06.05 00:07:54.112,0.16163,0.16196,0.01,0.02
2015.06.05 00:07:57.874,0.16164,0.16196,0.01,0.02
2015.06.05 00:08:01.582,0.16163,0.16196,0.01,0.02
2015.06.05 00:08:05.395,0.16164,0.16196,0.01,0.02
2015.06.05 00:08:07.300,0.16163,0.16196,0.01,0.02
2015.06.05 00:08:09.206,0.16164,0.16196,0.01,0.02
2015.06.05 00:08:10.149,0.16163,0.16196,0.01,0.02
2015.06.05 00:08:10.718,0.16162,0.16196,0.01,0.02
2015.06.05 00:08:11.250,0.16163,0.16196,0.01,0.02
2015.06.05 00:08:11.882,0.16163,0.16194,0.01,0.02
2015.06.05 00:08:12.126,0.16161,0.16194,0.01,0.02
2015.06.05 00:08:12.560,0.16159,0.16194,0.01,0.02
2015.06.05 00:08:14.271,0.1616,0.16194,0.01,0.02
2015.06.05 00:08:14.881,0.16159,0.16194,0.01,0.02
2015.06.05 00:08:15.928,0.16159,0.1619,0.01,0.02
2015.06.05 00:08:16.543,0.1616,0.1619,0.01,0.02
2015.06.05 00:08:21.994,0.16159,0.1619,0.01,0.02
2015.06.05 00:08:23.869,0.1616,0.1619,0.01,0.02
2015.06.05 00:08:24.803,0.16159,0.1619,0.01,0.02
2015.06.05 00:08:25.882,0.1616,0.1619,0.01,0.02
2015.06.05 00:08:27.386,0.16159,0.1619,0.01,0.02
2015.06.05 00:08:28.193,0.1616,0.1619,0.01,0.02
2015.06.05 00:08:29.100,0.16156,0.1619,0.01,0.02
2015.06.05 00:08:30.949,0.16157,0.1619,0.01,0.02
2015.06.05 00:08:35.228,0.16156,0.1619,0.01,0.02
2015.06.05 00:08:39.187,0.16157,0.1619,0.01,0.02
2015.06.05 00:08:41.034,0.16156,0.1619,0.01,0.02
2015.06.05 00:08:42.989,0.16157,0.1619,0.01,0.02
2015.06.05 00:08:44.754,0.16156,0.1619,0.01,0.02
2015.06.05 00:08:46.659,0.16157,0.1619,0.01,0.02
2015.06.05 00:08:54.887,0.16156,0.1619,0.01,0.02
2015.06.05 00:08:56.192,0.16157,0.1619,0.01,0.02
2015.06.05 00:08:58.097,0.16156,0.1619,0.01,0.02
2015.06.05 00:09:00.014,0.16157,0.1619,0.01,0.02
2015.06.05 00:09:01.822,0.16156,0.1619,0.01,0.02
2015.06.05 00:09:05.627,0.16157,0.1619,0.01,0.02
2015.06.05 00:09:06.171,0.16156,0.1619,0.01,0.02
2015.06.05 00:09:07.542,0.16157,0.1619,0.01,0.02
2015.06.05 00:09:09.438,0.16156,0.1619,0.01,0.02
2015.06.05 00:09:15.154,0.16157,0.1619,0.01,0.02
2015.06.05 00:09:15.327,0.16157,0.16193,0.01,0.02
2015.06.05 00:09:15.853,0.16158,0.16193,0.01,0.02
2015.06.05 00:09:16.563,0.16159,0.16193,0.01,0.02
2015.06.05 00:09:21.075,0.16158,0.16193,0.01,0.02
2015.06.05 00:09:23.463,0.16159,0.16193,0.01,0.02
2015.06.05 00:09:26.796,0.16158,0.16193,0.01,0.02
2015.06.05 00:09:28.702,0.16159,0.16193,0.01,0.02
2015.06.05 00:09:32.512,0.16158,0.16193,0.01,0.02
2015.06.05 00:09:38.229,0.16159,0.16193,0.01,0.02
2015.06.05 00:09:39.116,0.16159,0.1619,0.01,0.02
2015.06.05 00:09:39.166,0.16157,0.1619,0.01,0.02
2015.06.05 00:09:41.081,0.16158,0.1619,0.01,0.02
2015.06.05 00:09:44.926,0.16157,0.1619,0.01,0.02
2015.06.05 00:09:46.752,0.16158,0.1619,0.01,0.02
2015.06.05 00:09:48.657,0.16157,0.1619,0.01,0.02
2015.06.05 00:09:50.866,0.16158,0.1619,0.01,0.02
2015.06.05 00:09:54.379,0.16157,0.1619,0.01,0.02
2015.06.05 00:09:56.284,0.16158,0.1619,0.01,0.02
2015.06.05 00:09:58.089,0.16157,0.1619,0.01,0.02
2015.06.05 00:10:01.901,0.16158,0.1619,0.01,0.02
2015.06.05 00:10:03.821,0.16157,0.1619,0.01,0.02
2015.06.05 00:10:07.617,0.16158,0.1619,0.01,0.02
2015.06.05 00:10:09.524,0.16157,0.1619,0.01,0.02
2015.06.05 00:10:11.430,0.16158,0.1619,0.01,0.02
2015.06.05 00:10:13.380,0.16157,0.1619,0.01,0.02
2015.06.05 00:10:15.241,0.16158,0.1619,0.01,0.02
2015.06.05 00:10:16.695,0.16157,0.1619,0.01,0.02
2015.06.05 00:10:17.287,0.16158,0.1619,0.01,0.02
2015.06.05 00:10:20.957,0.16157,0.1619,0.01,0.02
2015.06.05 00:10:25.742,0.16158,0.1619,0.01,0.02
2015.06.05 00:10:26.679,0.16157,0.1619,0.01,0.02
2015.06.05 00:10:27.682,0.16158,0.1619,0.01,0.02
2015.06.05 00:10:28.586,0.16159,0.1619,0.01,0.02
2015.06.05 00:10:29.796,0.16158,0.1619,0.01,0.02
2015.06.05 00:10:30.399,0.16159,0.1619,0.01,0.02
2015.06.05 00:10:32.309,0.16158,0.1619,0.01,0.02
2015.06.05 00:10:32.811,0.16159,0.1619,0.01,0.02
2015.06.05 00:10:34.317,0.16158,0.1619,0.01,0.02
2015.06.05 00:10:36.124,0.16159,0.1619,0.01,0.02
2015.06.05 00:10:37.027,0.16158,0.1619,0.01,0.02
2015.06.05 00:10:38.031,0.16159,0.1619,0.01,0.02
2015.06.05 00:10:39.397,0.16159,0.16195,0.01,0.20
2015.06.05 00:10:39.947,0.16158,0.16195,0.01,0.20
2015.06.05 00:10:41.861,0.16159,0.16195,0.01,0.20
2015.06.05 00:10:43.573,0.16158,0.16195,0.01,0.20
2015.06.05 00:10:44.276,0.16159,0.16195,0.01,0.20
2015.06.05 00:10:45.976,0.16159,0.1619,0.01,0.20
2015.06.05 00:10:47.588,0.16158,0.1619,0.01,0.20
2015.06.05 00:10:49.492,0.16159,0.1619,0.01,0.20
2015.06.05 00:10:51.416,0.16158,0.1619,0.01,0.20
2015.06.05 00:10:52.501,0.16159,0.1619,0.01,0.20
2015.06.05 00:10:55.128,0.16158,0.1619,0.01,0.20
2015.06.05 00:10:57.016,0.16159,0.1619,0.01,0.20
2015.06.05 00:11:00.825,0.16158,0.1619,0.01,0.20
2015.06.05 00:11:04.650,0.16159,0.1619,0.01,0.20
2015.06.05 00:11:06.018,0.16159,0.16192,0.01,0.21
2015.06.05 00:11:06.542,0.16158,0.16192,0.01,0.21
2015.06.05 00:11:08.449,0.16159,0.16192,0.01,0.21
2015.06.05 00:11:14.167,0.16158,0.16192,0.01,0.21
2015.06.05 00:11:16.075,0.16159,0.16192,0.01,0.21
2015.06.05 00:11:21.711,0.16158,0.16192,0.01,0.21
2015.06.05 00:11:25.560,0.16159,0.16192,0.01,0.21
2015.06.05 00:11:26.296,0.16159,0.16191,0.01,0.05
2015.06.05 00:11:27.467,0.16158,0.16191,0.01,0.05
2015.06.05 00:11:29.318,0.16159,0.16191,0.01,0.05
2015.06.05 00:11:31.279,0.16158,0.16191,0.01,0.05
2015.06.05 00:11:33.206,0.16159,0.16191,0.01,0.05
2015.06.05 00:11:36.964,0.16158,0.16191,0.01,0.05
2015.06.05 00:11:38.803,0.16159,0.16191,0.01,0.05
2015.06.05 00:11:39.466,0.16158,0.16191,0.01,0.05
2015.06.05 00:11:39.517,0.16155,0.16188,0.17,0.02
2015.06.05 00:11:39.883,0.16153,0.16184,0.01,0.22
2015.06.05 00:11:40.520,0.16151,0.16184,0.01,0.17
2015.06.05 00:11:40.570,0.16151,0.16182,0.01,0.19
2015.06.05 00:11:41.088,0.16152,0.16182,0.01,0.02
2015.06.05 00:11:42.525,0.16153,0.16186,0.01,0.22
2015.06.05 00:11:42.928,0.16155,0.16186,0.01,0.19
2015.06.05 00:11:43.931,0.16153,0.16186,0.01,0.02
2015.06.05 00:11:44.083,0.16152,0.16184,0.01,0.05
2015.06.05 00:11:44.777,0.16152,0.16183,0.01,0.19
2015.06.05 00:11:45.437,0.16154,0.16184,0.01,0.19
2015.06.05 00:11:45.605,0.16154,0.16186,0.01,0.18
2015.06.05 00:11:46.942,0.16155,0.16186,0.01,0.19
2015.06.05 00:11:46.993,0.16154,0.16184,0.01,0.18
2015.06.05 00:11:47.758,0.16154,0.16184,0.01,0.18
2015.06.05 00:11:49.248,0.16155,0.16185,0.01,0.18
2015.06.05 00:11:53.095,0.16154,0.16184,0.01,0.18
2015.06.05 00:11:58.773,0.16155,0.16185,0.01,0.18
2015.06.05 00:11:59.905,0.16155,0.16185,0.01,0.17
2015.06.05 00:12:00.678,0.16154,0.16185,0.01,0.17
2015.06.05 00:12:01.628,0.16153,0.16183,0.01,0.17
2015.06.05 00:12:02.289,0.16153,0.16183,0.01,0.16
2015.06.05 00:12:03.589,0.16152,0.16183,0.01,0.16
2015.06.05 00:12:05.594,0.16153,0.16183,0.01,0.16
2015.06.05 00:12:11.209,0.16152,0.16183,0.01,0.19
2015.06.05 00:12:15.020,0.16153,0.16183,0.01,0.19
2015.06.05 00:12:25.892,0.16152,0.16183,0.01,0.19
2015.06.05 00:12:26.395,0.16153,0.16183,0.01,0.21
2015.06.05 00:12:28.314,0.16152,0.16183,0.01,0.21
2015.06.05 00:12:29.820,0.16151,0.16183,0.01,0.21
2015.06.05 00:12:36.037,0.16152,0.16183,0.01,0.21
2015.06.05 00:12:39.750,0.16151,0.16183,0.01,0.21
2015.06.05 00:12:43.484,0.16152,0.16183,0.01,0.21
2015.06.05 00:12:45.465,0.16151,0.16183,0.01,0.21
2015.06.05 00:12:46.694,0.16153,0.16184,0.01,0.10
2015.06.05 00:12:48.183,0.16151,0.16184,0.01,0.10
2015.06.05 00:12:50.077,0.16152,0.16184,0.01,0.16
2015.06.05 00:12:50.579,0.16154,0.16184,0.01,0.16
2015.06.05 00:12:51.289,0.16154,0.16185,0.01,0.16
2015.06.05 00:12:52.101,0.16154,0.16184,0.01,0.02
2015.06.05 00:12:52.202,0.16151,0.16184,0.01,0.18
2015.06.05 00:12:54.798,0.16152,0.16184,0.01,0.05
2015.06.05 00:12:57.296,0.16153,0.16184,0.01,0.05
2015.06.05 00:12:58.119,0.16153,0.16185,0.01,0.18
2015.06.05 00:13:00.304,0.16152,0.16185,0.01,0.18
2015.06.05 00:13:04.314,0.16153,0.16185,0.01,0.18
2015.06.05 00:13:05.924,0.16153,0.16183,0.01,0.02
2015.06.05 00:13:11.819,0.16153,0.16186,0.01,0.02
2015.06.05 00:13:13.743,0.16152,0.16186,0.01,0.02
2015.06.05 00:13:14.245,0.16153,0.16186,0.01,0.02
2015.06.05 00:13:15.151,0.16155,0.16186,0.01,0.02
2015.06.05 00:13:17.538,0.16155,0.16187,0.01,0.05
2015.06.05 00:13:17.638,0.16156,0.1619,0.13,0.18
2015.06.05 00:13:17.896,0.16158,0.1619,0.01,0.18
2015.06.05 00:13:18.048,0.16157,0.16192,0.01,0.19
2015.06.05 00:13:18.557,0.16158,0.16191,0.01,0.14
2015.06.05 00:13:20.992,0.16158,0.16193,0.01,0.08
2015.06.05 00:13:24.146,0.16158,0.16191,0.01,0.18
2015.06.05 00:13:24.366,0.16157,0.16193,0.24,0.17
2015.06.05 00:13:24.416,0.16159,0.16193,0.01,0.17
2015.06.05 00:13:24.748,0.16158,0.16191,0.03,0.02
2015.06.05 00:13:25.320,0.16158,0.1619,0.01,0.23
2015.06.05 00:13:25.874,0.16158,0.16192,0.01,0.18
2015.06.05 00:13:26.478,0.16159,0.16192,0.01,0.18
2015.06.05 00:13:28.033,0.16158,0.16192,0.01,0.18
2015.06.05 00:13:28.545,0.16159,0.16192,0.01,0.18
2015.06.05 00:13:29.120,0.16159,0.16193,0.01,0.22
2015.06.05 00:13:30.071,0.16158,0.16193,0.01,0.22
2015.06.05 00:13:32.142,0.16159,0.16193,0.01,0.22
2015.06.05 00:13:33.938,0.16158,0.16193,0.01,0.22
2015.06.05 00:13:35.778,0.16159,0.16193,0.01,0.22
2015.06.05 00:13:39.628,0.16158,0.16193,0.01,0.22
2015.06.05 00:13:45.880,0.16158,0.16192,0.09,0.18
2015.06.05 00:13:47.218,0.16159,0.16192,0.01,0.18
2015.06.05 00:13:48.016,0.16159,0.16194,0.01,0.19
2015.06.05 00:13:48.547,0.1616,0.16194,0.01,0.19
2015.06.05 00:13:50.686,0.16161,0.16194,0.01,0.18
2015.06.05 00:13:54.540,0.1616,0.16194,0.01,0.18
2015.06.05 00:13:58.067,0.16161,0.16194,0.01,0.18
2015.06.05 00:13:58.677,0.1616,0.16194,0.01,0.18
2015.06.05 00:14:02.076,0.16161,0.16194,0.01,0.18
2015.06.05 00:14:03.983,0.1616,0.16194,0.01,0.18
2015.06.05 00:14:06.011,0.1616,0.16193,0.01,0.23
2015.06.05 00:14:11.605,0.16161,0.16193,0.01,0.23
2015.06.05 00:14:15.419,0.1616,0.16193,0.01,0.23
2015.06.05 00:14:19.231,0.16161,0.16193,0.01,0.23
2015.06.05 00:14:23.041,0.1616,0.16193,0.01,0.23
2015.06.05 00:14:25.943,0.1616,0.16194,0.01,0.22
2015.06.05 00:14:30.623,0.16161,0.16194,0.01,0.22
2015.06.05 00:14:34.440,0.1616,0.16194,0.01,0.22
2015.06.05 00:14:38.149,0.16161,0.16194,0.01,0.22
2015.06.05 00:14:44.167,0.1616,0.16194,0.01,0.22
2015.06.05 00:14:45.811,0.16161,0.16194,0.01,0.22
2015.06.05 00:14:46.591,0.1616,0.16193,0.01,0.16
2015.06.05 00:14:48.301,0.1616,0.16192,0.01,0.15
2015.06.05 00:14:49.180,0.16159,0.16192,0.01,0.11
2015.06.05 00:14:50.183,0.1616,0.16192,0.01,0.25
2015.06.05 00:14:50.718,0.16161,0.16193,0.01,0.18
2015.06.05 00:14:51.378,0.1616,0.16193,0.01,0.18
2015.06.05 00:14:52.208,0.16159,0.16193,0.08,0.18
2015.06.05 00:14:53.834,0.16161,0.16193,0.01,0.21
2015.06.05 00:14:59.410,0.1616,0.16193,0.01,0.21
2015.06.05 00:15:00.321,0.1616,0.16192,0.01,0.16
2015.06.05 00:15:01.223,0.16159,0.16191,0.01,0.18
2015.06.05 00:15:01.799,0.16159,0.16192,0.01,0.18
2015.06.05 00:15:05.931,0.1616,0.16192,0.01,0.15
2015.06.05 00:15:15.455,0.16159,0.16192,0.01,0.15
2015.06.05 00:15:15.766,0.16158,0.16188,0.01,0.21
2015.06.05 00:15:17.382,0.16159,0.16189,0.01,0.21
2015.06.05 00:15:19.265,0.16158,0.16188,0.01,0.21
2015.06.05 00:15:22.894,0.16156,0.16188,0.01,0.21
2015.06.05 00:15:23.400,0.16158,0.16188,0.01,0.21
2015.06.05 00:15:23.927,0.16158,0.16189,0.01,0.22
2015.06.05 00:15:24.813,0.16159,0.16189,0.01,0.22
2015.06.05 00:15:25.930,0.16159,0.1619,0.01,0.02
2015.06.05 00:15:28.033,0.16159,0.16191,0.01,0.13
2015.06.05 00:15:29.736,0.16158,0.16191,0.01,0.13
2015.06.05 00:15:32.501,0.16159,0.16191,0.01,0.13
2015.06.05 00:15:34.407,0.16158,0.16191,0.01,0.13
2015.06.05 00:15:34.969,0.16159,0.16191,0.01,0.13
2015.06.05 00:15:38.167,0.16158,0.16191,0.01,0.13
2015.06.05 00:15:41.934,0.16159,0.16191,0.01,0.13
2015.06.05 00:15:42.852,0.16158,0.16191,0.01,0.13
2015.06.05 00:15:43.631,0.16159,0.16191,0.01,0.13
2015.06.05 00:15:44.242,0.1616,0.16191,0.01,0.13
2015.06.05 00:15:45.754,0.16159,0.16191,0.01,0.13
2015.06.05 00:15:46.554,0.16159,0.1619,0.01,0.24
2015.06.05 00:15:47.658,0.1616,0.1619,0.01,0.24
2015.06.05 00:15:51.467,0.16159,0.1619,0.01,0.24
2015.06.05 00:15:52.168,0.1616,0.1619,0.01,0.24
2015.06.05 00:15:53.371,0.16159,0.1619,0.01,0.24
2015.06.05 00:15:55.179,0.1616,0.1619,0.01,0.24
2015.06.05 00:15:57.222,0.16159,0.1619,0.01,0.24
2015.06.05 00:15:57.832,0.1616,0.1619,0.01,0.24
2015.06.05 00:15:59.029,0.16159,0.1619,0.01,0.24
2015.06.05 00:16:01.046,0.1616,0.1619,0.01,0.24
2015.06.05 00:16:06.655,0.16159,0.1619,0.01,0.17
2015.06.05 00:16:10.466,0.1616,0.1619,0.01,0.17
2015.06.05 00:16:14.222,0.16159,0.1619,0.01,0.17
2015.06.05 00:16:15.378,0.1616,0.1619,0.01,0.17
2015.06.05 00:16:17.319,0.16159,0.1619,0.01,0.17
2015.06.05 00:16:19.213,0.1616,0.1619,0.01,0.17
2015.06.05 00:16:22.999,0.16159,0.1619,0.01,0.17
2015.06.05 00:16:26.114,0.16159,0.16191,0.01,0.19
2015.06.05 00:16:28.623,0.1616,0.16191,0.01,0.19
2015.06.05 00:16:30.543,0.16159,0.16191,0.01,0.19
2015.06.05 00:16:31.558,0.16157,0.16191,0.01,0.19
2015.06.05 00:16:34.373,0.16158,0.16191,0.01,0.19
2015.06.05 00:16:36.075,0.16157,0.16191,0.15,0.18
2015.06.05 00:16:38.227,0.16158,0.16191,0.01,0.18
2015.06.05 00:16:40.091,0.16157,0.16191,0.15,0.18
2015.06.05 00:16:41.896,0.16158,0.16191,0.01,0.18
2015.06.05 00:16:43.801,0.16157,0.16191,0.15,0.18
2015.06.05 00:16:44.762,0.16157,0.1619,0.01,0.16
2015.06.05 00:16:45.806,0.16158,0.1619,0.01,0.16
2015.06.05 00:16:47.639,0.16157,0.1619,0.01,0.16
2015.06.05 00:16:51.441,0.16158,0.1619,0.01,0.16
2015.06.05 00:16:53.407,0.16157,0.1619,0.01,0.16
2015.06.05 00:16:59.708,0.16158,0.1619,0.01,0.16
2015.06.05 00:17:05.369,0.16157,0.1619,0.01,0.16
2015.06.05 00:17:05.893,0.16157,0.16191,0.01,0.21
2015.06.05 00:17:11.111,0.16158,0.16191,0.01,0.21
2015.06.05 00:17:14.830,0.16157,0.16191,0.01,0.21
2015.06.05 00:17:19.087,0.16158,0.16191,0.01,0.21
2015.06.05 00:17:20.545,0.16157,0.16191,0.01,0.21
2015.06.05 00:17:25.918,0.16157,0.1619,0.01,0.16
2015.06.05 00:17:26.462,0.16158,0.1619,0.01,0.16
2015.06.05 00:17:28.166,0.16157,0.1619,0.01,0.16
2015.06.05 00:17:33.890,0.16158,0.1619,0.01,0.16
2015.06.05 00:17:35.386,0.16155,0.1619,0.01,0.16
2015.06.05 00:17:35.560,0.16155,0.16187,0.01,0.21
2015.06.05 00:17:36.152,0.16154,0.16187,0.01,0.21
2015.06.05 00:17:36.686,0.16153,0.16187,0.01,0.21
2015.06.05 00:17:37.288,0.16154,0.16187,0.01,0.21
2015.06.05 00:17:39.292,0.16153,0.16187,0.01,0.21
2015.06.05 00:17:40.022,0.16153,0.16188,0.01,0.20
2015.06.05 00:17:41.099,0.16154,0.16188,0.01,0.20
2015.06.05 00:17:43.046,0.16153,0.16188,0.01,0.20
2015.06.05 00:17:50.622,0.16154,0.16188,0.01,0.18
2015.06.05 00:17:51.123,0.16153,0.16188,0.01,0.18
2015.06.05 00:17:51.501,0.16153,0.16186,0.01,0.14
2015.06.05 00:17:58.246,0.16154,0.16186,0.01,0.14
2015.06.05 00:18:00.150,0.16153,0.16186,0.01,0.14
2015.06.05 00:18:00.651,0.16154,0.16186,0.01,0.14
2015.06.05 00:18:04.961,0.16153,0.16186,0.01,0.14
2015.06.05 00:18:05.782,0.16153,0.16185,0.01,0.12
2015.06.05 00:18:13.398,0.16154,0.16185,0.01,0.12
2015.06.05 00:18:15.291,0.16153,0.16185,0.01,0.12
2015.06.05 00:18:17.219,0.16154,0.16185,0.01,0.12
2015.06.05 00:18:19.141,0.16153,0.16185,0.01,0.12
2015.06.05 00:18:21.043,0.16154,0.16185,0.01,0.12
2015.06.05 00:18:26.009,0.16154,0.16186,0.01,0.21
2015.06.05 00:18:28.664,0.16153,0.16186,0.01,0.21
2015.06.05 00:18:30.568,0.16154,0.16186,0.01,0.21
2015.06.05 00:18:31.173,0.16153,0.16186,0.01,0.21
2015.06.05 00:18:32.393,0.16154,0.16186,0.01,0.21
2015.06.05 00:18:32.990,0.16153,0.16186,0.01,0.21
2015.06.05 00:18:34.879,0.16154,0.16186,0.01,0.21
2015.06.05 00:18:36.785,0.16153,0.16186,0.01,0.21
2015.06.05 00:18:40.600,0.16154,0.16186,0.01,0.21
2015.06.05 00:18:42.564,0.16153,0.16186,0.01,0.21
2015.06.05 00:18:44.727,0.16154,0.16186,0.01,0.21
2015.06.05 00:18:45.941,0.16154,0.16185,0.01,0.16
2015.06.05 00:18:48.239,0.16153,0.16185,0.01,0.16
2015.06.05 00:18:50.574,0.16155,0.16187,0.01,0.14
2015.06.05 00:18:51.229,0.16154,0.16186,0.01,0.25
2015.06.05 00:18:51.949,0.16155,0.16186,0.01,0.25
2015.06.05 00:18:53.953,0.16154,0.16186,0.01,0.25
2015.06.05 00:18:55.862,0.16155,0.16186,0.01,0.25
2015.06.05 00:18:59.580,0.16154,0.16186,0.01,0.25
2015.06.05 00:19:03.393,0.16155,0.16186,0.01,0.25
2015.06.05 00:19:05.296,0.16154,0.16186,0.01,0.25
2015.06.05 00:19:05.982,0.16154,0.16185,0.01,0.22
2015.06.05 00:19:07.201,0.16155,0.16185,0.01,0.22
2015.06.05 00:19:11.014,0.16154,0.16185,0.01,0.22
2015.06.05 00:19:14.825,0.16155,0.16185,0.01,0.22
2015.06.05 00:19:16.730,0.16154,0.16185,0.01,0.22
2015.06.05 00:19:22.395,0.16155,0.16185,0.01,0.22
2015.06.05 00:19:25.906,0.16155,0.16186,0.01,0.20
2015.06.05 00:19:26.491,0.16154,0.16186,0.01,0.20
2015.06.05 00:19:29.967,0.16155,0.16186,0.01,0.20
2015.06.05 00:19:31.921,0.16154,0.16186,0.01,0.20
2015.06.05 00:19:37.584,0.16155,0.16186,0.01,0.20
2015.06.05 00:19:39.489,0.16154,0.16186,0.01,0.20
2015.06.05 00:19:41.393,0.16155,0.16186,0.01,0.20
2015.06.05 00:19:43.297,0.16154,0.16186,0.01,0.20
2015.06.05 00:19:45.973,0.16154,0.16185,0.01,0.16
2015.06.05 00:19:52.902,0.16155,0.16185,0.01,0.16
2015.06.05 00:19:56.526,0.16154,0.16185,0.01,0.16
2015.06.05 00:20:02.273,0.16155,0.16185,0.01,0.16
2015.06.05 00:20:04.153,0.16154,0.16185,0.01,0.16
2015.06.05 00:20:06.058,0.16155,0.16185,0.01,0.19
2015.06.05 00:20:07.973,0.16154,0.16185,0.01,0.19
2015.06.05 00:20:09.866,0.16155,0.16185,0.01,0.19
2015.06.05 00:20:11.779,0.16154,0.16185,0.01,0.19
2015.06.05 00:20:19.413,0.16155,0.16185,0.01,0.19
2015.06.05 00:20:21.307,0.16154,0.16185,0.01,0.19
2015.06.05 00:20:25.119,0.16155,0.16185,0.01,0.19
2015.06.05 00:20:25.925,0.16155,0.16186,0.01,0.17
2015.06.05 00:20:28.928,0.16154,0.16186,0.01,0.17
2015.06.05 00:20:32.739,0.16155,0.16186,0.01,0.17
2015.06.05 00:20:34.654,0.16154,0.16186,0.01,0.06
2015.06.05 00:20:40.259,0.16155,0.16186,0.01,0.06
2015.06.05 00:20:44.105,0.16154,0.16186,0.01,0.06
2015.06.05 00:20:45.977,0.16155,0.16186,0.01,0.06
2015.06.05 00:20:47.883,0.16154,0.16186,0.01,0.06
2015.06.05 00:20:48.885,0.16155,0.16186,0.01,0.06
2015.06.05 00:21:00.317,0.16154,0.16186,0.01,0.06
2015.06.05 00:21:02.272,0.16155,0.16186,0.01,0.06
2015.06.05 00:21:05.931,0.16154,0.16186,0.01,0.06
2015.06.05 00:21:07.835,0.16155,0.16186,0.01,0.05
2015.06.05 00:21:09.739,0.16154,0.16186,0.01,0.05
2015.06.05 00:21:13.552,0.16155,0.16186,0.01,0.05
2015.06.05 00:21:18.063,0.16154,0.16186,0.01,0.05
2015.06.05 00:21:25.691,0.16155,0.16186,0.01,0.05
2015.06.05 00:21:26.301,0.16155,0.16187,0.01,0.20
2015.06.05 00:21:28.880,0.16155,0.16188,0.01,0.21
2015.06.05 00:21:29.491,0.16154,0.16188,0.01,0.21
2015.06.05 00:21:37.011,0.16155,0.16188,0.01,0.21
2015.06.05 00:21:40.826,0.16154,0.16188,0.01,0.21
2015.06.05 00:21:44.642,0.16155,0.16188,0.01,0.21
2015.06.05 00:21:45.905,0.16155,0.16187,0.01,0.17
2015.06.05 00:21:50.373,0.16154,0.16187,0.01,0.17
2015.06.05 00:21:54.187,0.16155,0.16187,0.01,0.17
2015.06.05 00:21:55.491,0.16156,0.16187,0.01,0.17
2015.06.05 00:21:55.541,0.16156,0.1619,0.19,0.19
2015.06.05 00:21:55.642,0.16155,0.16187,0.01,0.22
2015.06.05 00:21:57.121,0.16155,0.16186,0.01,0.22
2015.06.05 00:21:57.891,0.16156,0.16186,0.01,0.22
2015.06.05 00:21:59.305,0.16155,0.16186,0.01,0.22
2015.06.05 00:21:59.733,0.16156,0.16189,0.01,0.20
2015.06.05 00:22:03.518,0.16157,0.16189,0.01,0.20
2015.06.05 00:22:08.363,0.16155,0.16187,0.01,0.06
2015.06.05 00:22:09.039,0.16155,0.16189,0.01,0.24
2015.06.05 00:22:10.073,0.16157,0.16189,0.01,0.24
2015.06.05 00:22:10.613,0.16156,0.16188,0.01,0.02
2015.06.05 00:22:11.327,0.16159,0.16189,0.01,0.19
2015.06.05 00:22:11.915,0.16158,0.16189,0.01,0.19
2015.06.05 00:22:12.547,0.16159,0.16189,0.01,0.19
2015.06.05 00:22:16.384,0.16158,0.16189,0.01,0.19
2015.06.05 00:22:20.212,0.16159,0.16189,0.01,0.19
2015.06.05 00:22:22.034,0.16158,0.16189,0.01,0.19
2015.06.05 00:22:23.961,0.16159,0.16189,0.01,0.19
2015.06.05 00:22:25.849,0.16158,0.16189,0.01,0.19
2015.06.05 00:22:26.369,0.16159,0.1619,0.01,0.22
2015.06.05 00:22:27.755,0.16158,0.1619,0.01,0.22
2015.06.05 00:22:31.574,0.16159,0.1619,0.01,0.22
2015.06.05 00:22:32.784,0.16157,0.1619,0.01,0.02
2015.06.05 00:22:33.490,0.16158,0.1619,0.01,0.02
2015.06.05 00:22:38.021,0.16157,0.1619,0.01,0.02
2015.06.05 00:22:38.689,0.16158,0.1619,0.01,0.02
2015.06.05 00:22:39.426,0.16157,0.1619,0.01,0.02
2015.06.05 00:22:41.229,0.16158,0.1619,0.01,0.02
2015.06.05 00:22:42.157,0.16157,0.1619,0.01,0.02
2015.06.05 00:22:44.578,0.16158,0.1619,0.01,0.02
2015.06.05 00:22:48.602,0.16157,0.1619,0.01,0.21
2015.06.05 00:22:50.611,0.16158,0.1619,0.01,0.21
2015.06.05 00:22:52.550,0.16157,0.1619,0.01,0.21
2015.06.05 00:22:54.339,0.16158,0.1619,0.01,0.21
2015.06.05 00:23:03.993,0.16157,0.1619,0.01,0.21
2015.06.05 00:23:04.756,0.16158,0.1619,0.01,0.19
2015.06.05 00:23:05.847,0.16157,0.1619,0.01,0.19
2015.06.05 00:23:07.779,0.16158,0.1619,0.01,0.22
2015.06.05 00:23:11.589,0.16157,0.1619,0.01,0.22
2015.06.05 00:23:15.427,0.16158,0.1619,0.01,0.22
2015.06.05 00:23:17.330,0.16157,0.1619,0.01,0.22
2015.06.05 00:23:19.209,0.16158,0.1619,0.01,0.22
2015.06.05 00:23:21.125,0.16157,0.1619,0.01,0.22
2015.06.05 00:23:23.046,0.16158,0.1619,0.01,0.22
2015.06.05 00:23:24.963,0.16157,0.1619,0.01,0.22
2015.06.05 00:23:26.775,0.16158,0.1619,0.01,0.22
2015.06.05 00:23:32.421,0.16157,0.1619,0.01,0.22
2015.06.05 00:23:34.405,0.16158,0.1619,0.01,0.22
2015.06.05 00:23:34.916,0.16157,0.1619,0.01,0.22
2015.06.05 00:23:36.130,0.16158,0.1619,0.01,0.12
2015.06.05 00:23:36.642,0.16157,0.16189,0.01,0.09
2015.06.05 00:23:40.054,0.16158,0.16189,0.01,0.09
2015.06.05 00:23:41.959,0.16157,0.16189,0.01,0.09
2015.06.05 00:23:43.865,0.16158,0.16189,0.01,0.09
2015.06.05 00:23:45.770,0.16157,0.16189,0.01,0.09
2015.06.05 00:23:47.686,0.16158,0.16189,0.01,0.22
2015.06.05 00:23:59.134,0.16157,0.16189,0.01,0.22
2015.06.05 00:24:00.934,0.16158,0.16189,0.01,0.22
2015.06.05 00:24:01.712,0.16158,0.16188,0.01,0.02
2015.06.05 00:24:01.831,0.16154,0.16187,0.01,0.14
2015.06.05 00:24:03.195,0.16154,0.16188,0.21,0.22
2015.06.05 00:24:04.008,0.16155,0.16188,0.01,0.22
2015.06.05 00:24:05.812,0.16155,0.16185,0.01,0.02
2015.06.05 00:24:07.445,0.16154,0.16185,0.11,0.02
2015.06.05 00:24:08.047,0.16155,0.16185,0.01,0.02
2015.06.05 00:24:09.151,0.16154,0.16185,0.11,0.02
2015.06.05 00:24:11.857,0.16155,0.16185,0.01,0.02
2015.06.05 00:24:13.761,0.16154,0.16185,0.11,0.02
2015.06.05 00:24:14.396,0.16155,0.16185,0.01,0.02
2015.06.05 00:24:17.572,0.16154,0.16185,0.01,0.02
2015.06.05 00:24:19.477,0.16155,0.16185,0.01,0.02
2015.06.05 00:24:21.411,0.16154,0.16185,0.01,0.02
2015.06.05 00:24:23.287,0.16155,0.16185,0.01,0.02
2015.06.05 00:24:25.192,0.16154,0.16185,0.01,0.02
2015.06.05 00:24:27.096,0.16155,0.16185,0.01,0.02
2015.06.05 00:24:29.021,0.16154,0.16185,0.01,0.02
2015.06.05 00:24:29.522,0.16155,0.16185,0.01,0.02
2015.06.05 00:24:32.813,0.16154,0.16185,0.01,0.02
2015.06.05 00:24:34.751,0.16155,0.16185,0.01,0.02
2015.06.05 00:24:36.585,0.16154,0.16185,0.01,0.02
2015.06.05 00:24:40.870,0.16154,0.16187,0.01,0.22
2015.06.05 00:24:40.936,0.16157,0.16187,0.01,0.22
2015.06.05 00:24:40.987,0.16157,0.16191,0.01,0.02
2015.06.05 00:24:41.824,0.16158,0.16191,0.01,0.02
2015.06.05 00:24:44.686,0.16157,0.16191,0.01,0.02
2015.06.05 00:24:45.861,0.16157,0.1619,0.01,0.13
2015.06.05 00:24:46.801,0.16158,0.1619,0.01,0.13
2015.06.05 00:24:48.540,0.16157,0.1619,0.01,0.13
2015.06.05 00:24:54.185,0.16158,0.1619,0.01,0.13
2015.06.05 00:24:57.996,0.16157,0.1619,0.01,0.13
2015.06.05 00:25:00.003,0.16158,0.1619,0.01,0.13
2015.06.05 00:25:06.725,0.16159,0.1619,0.01,0.02
2015.06.05 00:25:09.899,0.16159,0.16191,0.01,0.02
2015.06.05 00:25:09.949,0.16162,0.16193,0.01,0.16
2015.06.05 00:25:10.456,0.16162,0.16194,0.07,0.02
2015.06.05 00:25:11.153,0.16163,0.16194,0.01,0.02
2015.06.05 00:25:13.749,0.16162,0.16194,0.07,0.02
2015.06.05 00:25:13.982,0.16162,0.16196,0.07,0.20
2015.06.05 00:25:16.365,0.16163,0.16196,0.01,0.20
2015.06.05 00:25:18.118,0.16163,0.16195,0.01,0.19
2015.06.05 00:25:18.625,0.16162,0.16195,0.01,0.19
2015.06.05 00:25:21.371,0.16163,0.16195,0.01,0.19
2015.06.05 00:25:23.327,0.16162,0.16195,0.01,0.19
2015.06.05 00:25:25.183,0.16163,0.16195,0.01,0.19
2015.06.05 00:25:27.012,0.16162,0.16195,0.01,0.15
2015.06.05 00:25:30.971,0.16163,0.16195,0.01,0.15
2015.06.05 00:25:38.496,0.16162,0.16195,0.01,0.15
2015.06.05 00:25:44.210,0.16163,0.16195,0.01,0.15
2015.06.05 00:25:47.457,0.16163,0.16196,0.01,0.02
2015.06.05 00:25:48.028,0.16162,0.16196,0.01,0.02
2015.06.05 00:25:48.679,0.16163,0.16196,0.01,0.02
2015.06.05 00:25:51.286,0.16164,0.16196,0.01,0.02
2015.06.05 00:25:53.291,0.16163,0.16196,0.01,0.02
2015.06.05 00:25:53.844,0.16164,0.16196,0.01,0.14
2015.06.05 00:25:54.970,0.16164,0.16195,0.01,0.02
2015.06.05 00:25:57.008,0.16163,0.16195,0.01,0.02
2015.06.05 00:26:00.217,0.16164,0.16195,0.01,0.02
2015.06.05 00:26:02.132,0.16163,0.16195,0.01,0.02
2015.06.05 00:26:04.047,0.16164,0.16195,0.01,0.02
2015.06.05 00:26:05.957,0.16163,0.16195,0.01,0.02
2015.06.05 00:26:09.775,0.16164,0.16195,0.01,0.02
2015.06.05 00:26:11.693,0.16163,0.16195,0.01,0.02
2015.06.05 00:26:14.227,0.16164,0.16195,0.01,0.02
2015.06.05 00:26:14.328,0.16164,0.16197,0.01,0.19
2015.06.05 00:26:15.211,0.16163,0.16197,0.01,0.19
2015.06.05 00:26:16.213,0.16161,0.16197,0.09,0.19
2015.06.05 00:26:17.028,0.16162,0.16197,0.01,0.19
2015.06.05 00:26:19.037,0.16161,0.16197,0.09,0.19
2015.06.05 00:26:19.107,0.16161,0.16193,0.01,0.15
2015.06.05 00:26:23.890,0.16162,0.16193,0.01,0.15
2015.06.05 00:26:25.798,0.16161,0.16193,0.01,0.15
2015.06.05 00:26:26.546,0.16162,0.16193,0.01,0.11
2015.06.05 00:26:33.329,0.16164,0.16194,0.01,0.23
2015.06.05 00:26:34.072,0.16164,0.16194,0.01,0.19
2015.06.05 00:26:34.567,0.16167,0.16197,0.01,0.21
2015.06.05 00:26:34.669,0.16167,0.16197,0.01,0.11
2015.06.05 00:26:35.233,0.16168,0.16198,0.01,0.24
2015.06.05 00:26:36.544,0.16169,0.16199,0.01,0.24
2015.06.05 00:26:38.591,0.16169,0.16199,0.01,0.22
2015.06.05 00:26:40.294,0.16168,0.16198,0.01,0.22
2015.06.05 00:26:42.873,0.16167,0.16197,0.01,0.20
2015.06.05 00:26:43.468,0.16166,0.16197,0.01,0.20
2015.06.05 00:26:50.491,0.16167,0.16197,0.01,0.20
2015.06.05 00:27:02.434,0.16166,0.16197,0.01,0.20
2015.06.05 00:27:04.327,0.16167,0.16197,0.01,0.20
2015.06.05 00:27:05.903,0.16165,0.16195,0.01,0.05
2015.06.05 00:27:06.655,0.16166,0.16196,0.01,0.13
2015.06.05 00:27:08.151,0.16167,0.16197,0.01,0.13
2015.06.05 00:27:13.898,0.16166,0.16196,0.01,0.13
2015.06.05 00:27:15.711,0.16167,0.16197,0.01,0.13
2015.06.05 00:27:19.447,0.16166,0.16196,0.01,0.13
2015.06.05 00:27:20.852,0.16167,0.16197,0.01,0.13
2015.06.05 00:27:21.353,0.16166,0.16196,0.01,0.13
2015.06.05 00:27:22.001,0.16165,0.16195,0.01,0.06
2015.06.05 00:27:23.286,0.16164,0.16195,0.01,0.24
2015.06.05 00:27:25.101,0.16165,0.16195,0.01,0.24
2015.06.05 00:27:25.811,0.16164,0.16195,0.01,0.20
2015.06.05 00:27:26.373,0.16164,0.16194,0.01,0.21
2015.06.05 00:27:26.983,0.16165,0.16195,0.01,0.23
2015.06.05 00:27:28.087,0.16164,0.16194,0.01,0.21
2015.06.05 00:27:28.589,0.16165,0.16195,0.01,0.23
2015.06.05 00:27:29.124,0.16165,0.16195,0.01,0.22
2015.06.05 00:27:29.887,0.16162,0.16192,0.01,0.18
2015.06.05 00:27:30.400,0.16164,0.16194,0.01,0.20
2015.06.05 00:27:32.104,0.16165,0.16195,0.01,0.20
2015.06.05 00:27:32.610,0.16164,0.16194,0.01,0.21
2015.06.05 00:27:33.178,0.16165,0.16195,0.01,0.23
2015.06.05 00:27:36.798,0.16164,0.16194,0.01,0.21
2015.06.05 00:27:40.529,0.16165,0.16195,0.01,0.23
2015.06.05 00:27:46.148,0.16164,0.16194,0.01,0.21
2015.06.05 00:27:48.153,0.16165,0.16195,0.01,0.23
2015.06.05 00:27:51.861,0.16164,0.16194,0.01,0.21
2015.06.05 00:27:53.766,0.16165,0.16195,0.01,0.23
2015.06.05 00:27:57.576,0.16164,0.16194,0.01,0.21
2015.06.05 00:28:01.457,0.16165,0.16195,0.01,0.23
2015.06.05 00:28:03.994,0.16164,0.16194,0.01,0.21
2015.06.05 00:28:05.199,0.16165,0.16195,0.01,0.23
2015.06.05 00:28:06.024,0.16163,0.16193,0.01,0.16
2015.06.05 00:28:12.825,0.16164,0.16194,0.01,0.21
2015.06.05 00:28:17.956,0.16165,0.16195,0.01,0.23
2015.06.05 00:28:18.011,0.16165,0.16195,0.01,0.20
2015.06.05 00:28:18.538,0.16164,0.16195,0.01,0.02
2015.06.05 00:28:20.344,0.16165,0.16195,0.01,0.02
2015.06.05 00:28:22.350,0.16164,0.16195,0.01,0.02
2015.06.05 00:28:22.951,0.16165,0.16195,0.01,0.02
2015.06.05 00:28:23.605,0.16164,0.16195,0.01,0.02
2015.06.05 00:28:25.058,0.16165,0.16195,0.01,0.02
2015.06.05 00:28:26.362,0.16164,0.16195,0.01,0.02
2015.06.05 00:28:26.964,0.16165,0.16195,0.01,0.02
2015.06.05 00:28:30.776,0.16164,0.16195,0.01,0.02
2015.06.05 00:28:32.390,0.16165,0.16195,0.01,0.02
2015.06.05 00:28:33.183,0.16165,0.16196,0.01,0.21
2015.06.05 00:28:33.784,0.16163,0.16196,0.01,0.21
2015.06.05 00:28:36.520,0.16162,0.16196,0.06,0.21
2015.06.05 00:28:39.895,0.16163,0.16196,0.01,0.21
2015.06.05 00:28:41.706,0.16162,0.16196,0.06,0.21
2015.06.05 00:28:45.719,0.16163,0.16196,0.01,0.21
2015.06.05 00:28:46.597,0.16163,0.16195,0.01,0.17
2015.06.05 00:28:47.637,0.16162,0.16195,0.01,0.17
2015.06.05 00:28:51.433,0.16163,0.16195,0.01,0.17
2015.06.05 00:28:55.242,0.16162,0.16195,0.01,0.17
2015.06.05 00:28:59.058,0.16163,0.16195,0.01,0.17
2015.06.05 00:29:00.964,0.16162,0.16195,0.01,0.17
2015.06.05 00:29:02.780,0.16163,0.16195,0.01,0.17
2015.06.05 00:29:05.920,0.16163,0.16196,0.01,0.20
2015.06.05 00:29:07.901,0.16162,0.16196,0.01,0.20
2015.06.05 00:29:08.499,0.16163,0.16196,0.01,0.20
2015.06.05 00:29:10.638,0.16162,0.16196,0.01,0.20
2015.06.05 00:29:14.178,0.16163,0.16196,0.01,0.20
2015.06.05 00:29:16.438,0.16163,0.16194,0.01,0.02
2015.06.05 00:29:16.508,0.1616,0.16194,0.13,0.02
2015.06.05 00:29:17.306,0.16161,0.16194,0.20,0.02
2015.06.05 00:29:19.827,0.1616,0.16194,0.16,0.02
2015.06.05 00:29:20.330,0.1616,0.16192,0.01,0.12
2015.06.05 00:29:20.852,0.1616,0.16191,0.01,0.02
2015.06.05 00:29:21.987,0.16159,0.16191,0.01,0.02
2015.06.05 00:29:22.618,0.16158,0.16191,0.19,0.02
2015.06.05 00:29:24.129,0.16159,0.16191,0.01,0.02
2015.06.05 00:29:25.998,0.16158,0.16191,0.22,0.02
2015.06.05 00:29:27.478,0.16159,0.16191,0.01,0.02
2015.06.05 00:29:28.405,0.16158,0.16191,0.22,0.02
2015.06.05 00:29:30.311,0.16159,0.16191,0.01,0.02
2015.06.05 00:29:34.129,0.16158,0.16191,0.22,0.02
2015.06.05 00:29:36.027,0.16159,0.16191,0.01,0.02
2015.06.05 00:29:51.212,0.16158,0.16191,0.17,0.02
2015.06.05 00:29:53.118,0.16159,0.16191,0.01,0.02
2015.06.05 00:29:55.024,0.16158,0.16191,0.17,0.02
2015.06.05 00:30:00.742,0.16159,0.16191,0.01,0.02
2015.06.05 00:30:02.645,0.16158,0.16191,0.17,0.02
2015.06.05 00:30:04.548,0.16159,0.16191,0.01,0.02
2015.06.05 00:30:06.555,0.16158,0.16191,0.23,0.02
2015.06.05 00:30:07.060,0.16159,0.16191,0.01,0.02
2015.06.05 00:30:08.294,0.16158,0.16191,0.23,0.02
2015.06.05 00:30:10.191,0.16159,0.16191,0.01,0.02
2015.06.05 00:30:12.220,0.16158,0.16191,0.23,0.02
2015.06.05 00:30:14.032,0.16159,0.16191,0.01,0.02
2015.06.05 00:30:14.647,0.16158,0.16191,0.23,0.02
2015.06.05 00:30:19.712,0.16159,0.16191,0.01,0.02
2015.06.05 00:30:20.583,0.16159,0.16194,0.01,0.20
2015.06.05 00:30:23.524,0.16158,0.16194,0.23,0.20
2015.06.05 00:30:27.573,0.16159,0.16194,0.01,0.22
2015.06.05 00:30:31.089,0.16158,0.16194,0.24,0.22
2015.06.05 00:30:32.994,0.16159,0.16194,0.01,0.22
2015.06.05 00:30:34.904,0.16158,0.16194,0.24,0.22
2015.06.05 00:30:36.828,0.16159,0.16194,0.01,0.22
2015.06.05 00:30:38.712,0.16158,0.16194,0.24,0.22
2015.06.05 00:30:42.565,0.16159,0.16194,0.01,0.22
2015.06.05 00:30:44.429,0.16158,0.16194,0.24,0.22
2015.06.05 00:30:45.954,0.16159,0.16193,0.19,0.22
2015.06.05 00:31:06.286,0.16158,0.16193,0.01,0.08
2015.06.05 00:31:08.191,0.16159,0.16193,0.01,0.08
2015.06.05 00:31:12.446,0.16158,0.16193,0.01,0.08
2015.06.05 00:31:15.749,0.16159,0.16193,0.01,0.08
2015.06.05 00:31:19.548,0.16158,0.16193,0.01,0.08
2015.06.05 00:31:21.459,0.16159,0.16193,0.01,0.08
2015.06.05 00:31:25.906,0.16159,0.16194,0.01,0.19
2015.06.05 00:31:29.145,0.16158,0.16194,0.19,0.19
2015.06.05 00:31:30.285,0.16159,0.16194,0.01,0.19
2015.06.05 00:31:34.725,0.16158,0.16194,0.19,0.19
2015.06.05 00:31:36.641,0.16159,0.16194,0.01,0.19
2015.06.05 00:31:38.623,0.16158,0.16194,0.19,0.19
2015.06.05 00:31:42.253,0.16159,0.16194,0.01,0.19
2015.06.05 00:31:45.998,0.16159,0.16193,0.22,0.21
2015.06.05 00:31:55.085,0.1616,0.16193,0.01,0.21
2015.06.05 00:31:56.892,0.16159,0.16193,0.22,0.21
2015.06.05 00:32:00.706,0.1616,0.16193,0.01,0.21
2015.06.05 00:32:02.712,0.16159,0.16193,0.22,0.21
2015.06.05 00:32:03.423,0.1616,0.16193,0.01,0.21
2015.06.05 00:32:10.936,0.16159,0.16193,0.01,0.04
2015.06.05 00:32:12.140,0.1616,0.16193,0.01,0.04
2015.06.05 00:32:12.943,0.16159,0.16193,0.01,0.04
2015.06.05 00:32:13.544,0.1616,0.16193,0.01,0.04
2015.06.05 00:32:14.246,0.16159,0.16193,0.01,0.04
2015.06.05 00:32:16.667,0.1616,0.16193,0.01,0.04
2015.06.05 00:32:18.557,0.16159,0.16193,0.01,0.04
2015.06.05 00:32:20.462,0.1616,0.16193,0.01,0.04
2015.06.05 00:32:22.416,0.16159,0.16193,0.01,0.04
2015.06.05 00:32:26.047,0.16159,0.16194,0.01,0.21
2015.06.05 00:32:28.086,0.1616,0.16194,0.01,0.21
2015.06.05 00:32:30.495,0.16159,0.16194,0.01,0.21
2015.06.05 00:32:31.128,0.1616,0.16194,0.01,0.21
2015.06.05 00:32:37.516,0.16159,0.16194,0.01,0.21
2015.06.05 00:32:39.522,0.1616,0.16194,0.01,0.21
2015.06.05 00:32:45.136,0.16159,0.16194,0.01,0.21
2015.06.05 00:32:47.042,0.1616,0.16194,0.01,0.19
2015.06.05 00:32:48.394,0.16159,0.16194,0.01,0.19
2015.06.05 00:32:48.948,0.1616,0.16194,0.01,0.19
2015.06.05 00:32:49.883,0.16164,0.16194,0.01,0.21
2015.06.05 00:32:50.668,0.16163,0.16193,0.02,0.02
2015.06.05 00:32:52.372,0.16162,0.16193,0.15,0.02
2015.06.05 00:32:54.505,0.1616,0.1619,0.19,0.02
2015.06.05 00:32:54.616,0.1616,0.1619,0.01,0.02
2015.06.05 00:32:55.118,0.16159,0.1619,0.01,0.02
2015.06.05 00:32:56.371,0.1616,0.1619,0.01,0.02
2015.06.05 00:32:58.376,0.16159,0.1619,0.01,0.02
2015.06.05 00:33:01.691,0.1616,0.1619,0.01,0.02
2015.06.05 00:33:02.252,0.16159,0.1619,0.01,0.02
2015.06.05 00:33:02.888,0.1616,0.1619,0.01,0.02
2015.06.05 00:33:03.393,0.16159,0.1619,0.11,0.02
2015.06.05 00:33:05.426,0.16158,0.1619,0.17,0.02
2015.06.05 00:33:07.204,0.16159,0.1619,0.01,0.02
2015.06.05 00:33:12.934,0.16158,0.1619,0.17,0.02
2015.06.05 00:33:14.852,0.16159,0.1619,0.01,0.02
2015.06.05 00:33:18.559,0.16158,0.1619,0.17,0.02
2015.06.05 00:33:22.592,0.16159,0.1619,0.01,0.02
2015.06.05 00:33:28.083,0.16158,0.1619,0.23,0.02
2015.06.05 00:33:37.610,0.16159,0.1619,0.01,0.02
2015.06.05 00:33:41.441,0.16158,0.1619,0.23,0.02
2015.06.05 00:33:43.327,0.16159,0.1619,0.01,0.02
2015.06.05 00:33:45.232,0.16158,0.1619,0.23,0.02
2015.06.05 00:33:51.022,0.16159,0.1619,0.01,0.02
2015.06.05 00:33:54.478,0.16159,0.16193,0.01,0.17
2015.06.05 00:33:59.072,0.16158,0.16193,0.01,0.17
2015.06.05 00:34:01.435,0.16161,0.16193,0.01,0.17
2015.06.05 00:34:02.294,0.16162,0.16194,0.20,0.02
2015.06.05 00:34:10.980,0.16161,0.16194,0.09,0.02
2015.06.05 00:34:12.818,0.16159,0.16191,0.17,0.02
2015.06.05 00:34:14.453,0.16161,0.16191,0.19,0.02
2015.06.05 00:34:15.071,0.16162,0.16192,0.01,0.02
2015.06.05 00:34:16.292,0.16161,0.16191,0.16,0.02
2015.06.05 00:34:16.858,0.16161,0.16193,0.16,0.02
2015.06.05 00:34:17.598,0.16162,0.16193,0.01,0.02
2015.06.05 00:34:20.130,0.16161,0.16193,0.01,0.02
2015.06.05 00:34:21.733,0.1616,0.16191,0.12,0.02
2015.06.05 00:34:22.389,0.16159,0.16191,0.01,0.02
2015.06.05 00:34:23.237,0.16162,0.16192,0.01,0.11
2015.06.05 00:34:23.804,0.1616,0.16191,0.07,0.02
2015.06.05 00:34:25.226,0.16161,0.16191,0.01,0.02
2015.06.05 00:34:25.768,0.16161,0.16193,0.07,0.02
2015.06.05 00:34:27.456,0.16162,0.16193,0.01,0.02
2015.06.05 00:34:27.748,0.1616,0.16193,0.17,0.02
2015.06.05 00:34:29.251,0.16162,0.16193,0.01,0.18
2015.06.05 00:34:31.140,0.16161,0.16193,0.03,0.02
2015.06.05 00:34:32.745,0.16163,0.16193,0.01,0.02
2015.06.05 00:34:33.262,0.16162,0.16193,0.01,0.02
2015.06.05 00:34:40.706,0.16163,0.16193,0.01,0.02
2015.06.05 00:34:41.974,0.1616,0.1619,0.01,0.02
2015.06.05 00:34:42.976,0.16161,0.16191,0.01,0.02
2015.06.05 00:34:43.502,0.16163,0.16193,0.01,0.22
2015.06.05 00:34:45.824,0.16162,0.16192,0.01,0.02
2015.06.05 00:34:46.007,0.16162,0.16193,0.01,0.02
2015.06.05 00:34:49.504,0.16163,0.16193,0.01,0.02
2015.06.05 00:34:55.320,0.16162,0.16193,0.01,0.02
2015.06.05 00:34:57.126,0.16163,0.16193,0.01,0.02
2015.06.05 00:35:01.413,0.16161,0.16191,0.19,0.02
2015.06.05 00:35:01.463,0.16161,0.16191,0.19,0.02
2015.06.05 00:35:04.748,0.1616,0.16191,0.01,0.02
2015.06.05 00:35:08.558,0.16161,0.16191,0.01,0.02
2015.06.05 00:35:14.272,0.1616,0.16191,0.01,0.02
2015.06.05 00:35:16.180,0.16161,0.16191,0.01,0.02
2015.06.05 00:35:20.006,0.1616,0.16191,0.01,0.02
2015.06.05 00:35:21.922,0.16161,0.16191,0.01,0.02
2015.06.05 00:35:25.660,0.1616,0.16191,0.01,0.02
2015.06.05 00:35:27.984,0.16161,0.16191,0.01,0.02
2015.06.05 00:35:29.914,0.1616,0.16191,0.01,0.02
2015.06.05 00:35:31.834,0.16161,0.16191,0.01,0.02
2015.06.05 00:35:33.751,0.1616,0.16191,0.01,0.02
2015.06.05 00:35:35.587,0.16161,0.16191,0.01,0.02
2015.06.05 00:35:36.168,0.1616,0.16191,0.01,0.02
2015.06.05 00:35:42.187,0.16161,0.16191,0.01,0.02
2015.06.05 00:35:43.692,0.1616,0.16191,0.01,0.02
2015.06.05 00:35:44.197,0.16161,0.16191,0.01,0.02
2015.06.05 00:35:47.299,0.1616,0.16191,0.01,0.02
2015.06.05 00:35:48.001,0.16161,0.16191,0.01,0.02
2015.06.05 00:35:53.631,0.1616,0.16191,0.01,0.02
2015.06.05 00:35:55.535,0.16161,0.16191,0.01,0.02
2015.06.05 00:35:57.461,0.1616,0.16191,0.01,0.02
2015.06.05 00:35:59.348,0.16161,0.16191,0.01,0.02
2015.06.05 00:36:01.641,0.16161,0.16194,0.01,0.17
2015.06.05 00:36:05.982,0.16161,0.16193,0.01,0.14
2015.06.05 00:36:12.689,0.1616,0.16193,0.01,0.14
2015.06.05 00:36:18.407,0.16161,0.16193,0.01,0.14
2015.06.05 00:36:20.221,0.1616,0.16193,0.01,0.14
2015.06.05 00:36:25.903,0.1616,0.16192,0.01,0.02
2015.06.05 00:36:29.758,0.16161,0.16192,0.01,0.02
2015.06.05 00:36:31.279,0.16159,0.16192,0.02,0.02
2015.06.05 00:36:45.934,0.16159,0.16193,0.01,0.14
2015.06.05 00:36:48.729,0.16158,0.16193,0.01,0.14
2015.06.05 00:36:52.638,0.16159,0.16193,0.01,0.14
2015.06.05 00:36:54.544,0.16158,0.16193,0.01,0.14
2015.06.05 00:36:56.435,0.16159,0.16193,0.01,0.14
2015.06.05 00:36:57.551,0.16158,0.16193,0.01,0.14
2015.06.05 00:36:58.440,0.16159,0.16193,0.01,0.14
2015.06.05 00:37:00.286,0.16158,0.16193,0.01,0.14
2015.06.05 00:37:02.096,0.16159,0.16193,0.01,0.14
2015.06.05 00:37:03.479,0.16158,0.16193,0.01,0.14
2015.06.05 00:37:04.100,0.16159,0.16193,0.01,0.14
2015.06.05 00:37:06.577,0.16158,0.16193,0.01,0.12
2015.06.05 00:37:11.595,0.16159,0.16193,0.01,0.12
2015.06.05 00:37:13.548,0.16158,0.16193,0.01,0.12
2015.06.05 00:37:18.037,0.16159,0.16193,0.01,0.12
2015.06.05 00:37:19.225,0.16158,0.16193,0.01,0.12
2015.06.05 00:37:21.137,0.16159,0.16193,0.01,0.12
2015.06.05 00:37:22.973,0.16158,0.16193,0.01,0.12
2015.06.05 00:37:24.859,0.16159,0.16193,0.01,0.12
2015.06.05 00:37:49.378,0.16158,0.16188,0.23,0.02
2015.06.05 00:37:49.629,0.16157,0.16188,0.16,0.02
2015.06.05 00:37:56.988,0.16158,0.16191,0.01,0.02
2015.06.05 00:37:58.722,0.16162,0.16192,0.01,0.08
2015.06.05 00:37:58.873,0.16161,0.16193,0.01,0.12
2015.06.05 00:37:59.074,0.16162,0.16195,0.12,0.02
2015.06.05 00:38:02.908,0.16162,0.16193,0.12,0.02
2015.06.05 00:38:07.874,0.16164,0.16196,0.16,0.02
2015.06.05 00:38:08.593,0.16163,0.16196,0.21,0.02
2015.06.05 00:38:45.919,0.16164,0.16196,0.13,0.02
2015.06.05 00:38:54.976,0.16164,0.16198,0.13,0.22
2015.06.05 00:38:59.007,0.16164,0.16195,0.13,0.02
2015.06.05 00:38:59.968,0.16163,0.16195,0.01,0.02
2015.06.05 00:39:00.548,0.16164,0.16195,0.02,0.02
2015.06.05 00:39:06.410,0.16163,0.16195,0.01,0.02
2015.06.05 00:39:08.761,0.16164,0.16195,0.19,0.02
2015.06.05 00:39:08.812,0.16164,0.16198,0.20,0.17
2015.06.05 00:39:08.889,0.16166,0.16198,0.01,0.17
2015.06.05 00:39:08.957,0.16167,0.162,0.17,0.02
2015.06.05 00:39:09.793,0.16164,0.162,0.15,0.11
2015.06.05 00:39:10.011,0.16164,0.16198,0.01,0.15
2015.06.05 00:39:10.629,0.16163,0.16198,0.01,0.15
2015.06.05 00:39:11.022,0.16163,0.16195,0.01,0.02
2015.06.05 00:39:12.300,0.16164,0.16195,0.01,0.02
2015.06.05 00:39:15.109,0.16163,0.16195,0.01,0.02
2015.06.05 00:39:16.715,0.16164,0.16195,0.01,0.02
2015.06.05 00:39:21.145,0.16163,0.16195,0.01,0.02
2015.06.05 00:39:23.050,0.16164,0.16195,0.01,0.02
2015.06.05 00:39:24.991,0.16163,0.16195,0.01,0.02
2015.06.05 00:39:25.883,0.16164,0.16195,0.19,0.02
2015.06.05 00:39:42.256,0.16163,0.16195,0.01,0.02
2015.06.05 00:39:44.048,0.16164,0.16195,0.01,0.02
2015.06.05 00:39:47.944,0.16163,0.16195,0.01,0.02
2015.06.05 00:39:55.645,0.16164,0.16195,0.01,0.02
2015.06.05 00:40:01.838,0.16163,0.16195,0.01,0.02
2015.06.05 00:40:03.102,0.16164,0.16195,0.01,0.02
2015.06.05 00:40:04.007,0.16163,0.16195,0.01,0.02
2015.06.05 00:40:04.513,0.16162,0.16194,0.01,0.02
2015.06.05 00:40:21.773,0.16162,0.16195,0.19,0.02
2015.06.05 00:40:22.241,0.16164,0.16195,0.20,0.02
2015.06.05 00:40:25.982,0.16163,0.16195,0.12,0.02
2015.06.05 00:40:29.415,0.16164,0.16195,0.01,0.02
2015.06.05 00:40:35.128,0.16163,0.16195,0.13,0.02
2015.06.05 00:40:37.073,0.16164,0.16195,0.01,0.02
2015.06.05 00:40:38.953,0.16163,0.16195,0.13,0.02
2015.06.05 00:40:40.842,0.16164,0.16195,0.01,0.02
2015.06.05 00:40:42.772,0.16163,0.16195,0.13,0.02
2015.06.05 00:40:46.008,0.16164,0.16195,0.25,0.02
2015.06.05 00:40:55.942,0.16163,0.16193,0.25,0.02
2015.06.05 00:40:56.043,0.16162,0.16193,0.08,0.02
2015.06.05 00:40:56.144,0.1616,0.16193,0.19,0.02
2015.06.05 00:40:56.692,0.1616,0.16192,0.01,0.16
2015.06.05 00:40:57.935,0.16159,0.16192,0.01,0.16
2015.06.05 00:40:58.799,0.1616,0.16192,0.01,0.16
2015.06.05 00:40:59.803,0.16159,0.16192,0.01,0.16
2015.06.05 00:41:00.011,0.16159,0.1619,0.01,0.02
2015.06.05 00:41:07.552,0.16158,0.1619,0.01,0.02
2015.06.05 00:41:08.476,0.16157,0.1619,0.18,0.02
2015.06.05 00:41:08.577,0.16154,0.16188,0.01,0.02
2015.06.05 00:41:12.551,0.16154,0.16186,0.18,0.02
2015.06.05 00:41:14.232,0.16155,0.16186,0.01,0.02
2015.06.05 00:41:16.105,0.16154,0.16186,0.18,0.02
2015.06.05 00:41:18.011,0.16155,0.16186,0.01,0.02
2015.06.05 00:41:21.723,0.16154,0.16186,0.18,0.02
2015.06.05 00:41:25.637,0.16155,0.16186,0.01,0.02
2015.06.05 00:41:27.759,0.16154,0.16186,0.01,0.02
2015.06.05 00:41:29.384,0.16155,0.16186,0.01,0.02
2015.06.05 00:41:30.072,0.16154,0.16186,0.01,0.02
2015.06.05 00:41:31.960,0.16155,0.16186,0.01,0.02
2015.06.05 00:41:33.874,0.16154,0.16186,0.01,0.02
2015.06.05 00:41:35.814,0.16155,0.16186,0.01,0.02
2015.06.05 00:41:38.505,0.16154,0.16186,0.01,0.02
2015.06.05 00:41:46.032,0.16155,0.16186,0.01,0.02
2015.06.05 00:41:47.949,0.16154,0.16186,0.01,0.02
2015.06.05 00:41:51.060,0.16155,0.16186,0.01,0.02
2015.06.05 00:41:52.211,0.16154,0.16186,0.01,0.02
2015.06.05 00:41:52.821,0.16155,0.16186,0.01,0.02
2015.06.05 00:41:54.097,0.16154,0.16186,0.01,0.02
2015.06.05 00:41:56.020,0.16155,0.16186,0.01,0.02
2015.06.05 00:41:57.857,0.16154,0.16186,0.01,0.02
2015.06.05 00:41:59.761,0.16155,0.16186,0.01,0.02
2015.06.05 00:42:01.674,0.16154,0.16186,0.01,0.02
2015.06.05 00:42:05.785,0.16155,0.16186,0.01,0.02
2015.06.05 00:42:06.550,0.16154,0.16186,0.01,0.02
2015.06.05 00:42:07.794,0.16155,0.16186,0.01,0.02
2015.06.05 00:42:11.510,0.16154,0.16186,0.01,0.02
2015.06.05 00:42:12.636,0.16154,0.16189,0.01,0.25
2015.06.05 00:42:13.421,0.16155,0.16189,0.01,0.25
2015.06.05 00:42:16.428,0.16155,0.16187,0.01,0.17
2015.06.05 00:42:16.730,0.1615,0.1618,0.01,0.02
2015.06.05 00:42:17.266,0.1615,0.1618,0.01,0.02
2015.06.05 00:42:17.987,0.16154,0.16184,0.01,0.27
2015.06.05 00:42:18.439,0.16154,0.16185,0.01,0.02
2015.06.05 00:42:19.120,0.16155,0.16185,0.01,0.02
2015.06.05 00:42:19.520,0.16152,0.16185,0.01,0.09
2015.06.05 00:42:19.955,0.16154,0.16185,0.01,0.09
2015.06.05 00:42:21.354,0.16153,0.16185,0.01,0.02
2015.06.05 00:42:21.715,0.16155,0.16185,0.01,0.19
2015.06.05 00:42:22.839,0.16154,0.16184,0.01,0.02
2015.06.05 00:42:22.959,0.16152,0.16184,0.01,0.02
2015.06.05 00:42:23.362,0.16154,0.16184,0.01,0.02
2015.06.05 00:42:24.867,0.16152,0.16184,0.14,0.02
2015.06.05 00:42:26.786,0.16153,0.16184,0.01,0.02
2015.06.05 00:42:27.374,0.16153,0.16186,0.01,0.22
2015.06.05 00:42:27.478,0.16155,0.16186,0.01,0.20
2015.06.05 00:42:28.880,0.16152,0.16186,0.08,0.20
2015.06.05 00:42:29.400,0.16152,0.16185,0.01,0.21
2015.06.05 00:42:31.430,0.16152,0.16184,0.01,0.02
2015.06.05 00:42:32.690,0.16153,0.16184,0.01,0.02
2015.06.05 00:42:35.399,0.16155,0.16185,0.01,0.23
2015.06.05 00:42:36.148,0.16155,0.16185,0.01,0.02
2015.06.05 00:42:41.118,0.16156,0.16186,0.01,0.04
2015.06.05 00:42:43.023,0.16155,0.16185,0.01,0.02
2015.06.05 00:42:44.927,0.16156,0.16186,0.01,0.04
2015.06.05 00:42:48.766,0.16155,0.16185,0.01,0.02
2015.06.05 00:42:50.295,0.16156,0.16186,0.01,0.04
2015.06.05 00:42:50.859,0.16155,0.16185,0.01,0.04
2015.06.05 00:42:52.560,0.16156,0.16186,0.01,0.02
2015.06.05 00:42:59.069,0.16155,0.16185,0.01,0.02
2015.06.05 00:43:00.074,0.16156,0.16186,0.01,0.02
2015.06.05 00:43:02.080,0.16155,0.16185,0.01,0.02
2015.06.05 00:43:03.906,0.16156,0.16186,0.01,0.02
2015.06.05 00:43:05.789,0.16155,0.16185,0.01,0.02
2015.06.05 00:43:07.694,0.16156,0.16186,0.01,0.02
2015.06.05 00:43:15.317,0.16155,0.16185,0.01,0.02
2015.06.05 00:43:17.223,0.16156,0.16186,0.01,0.02
2015.06.05 00:43:21.041,0.16155,0.16185,0.01,0.02
2015.06.05 00:43:26.669,0.16156,0.16186,0.01,0.02
2015.06.05 00:43:28.634,0.16155,0.16185,0.01,0.02
2015.06.05 00:43:34.331,0.16156,0.16186,0.01,0.02
2015.06.05 00:43:35.607,0.16156,0.16188,0.01,0.22
2015.06.05 00:43:40.061,0.16155,0.16188,0.01,0.22
2015.06.05 00:43:41.950,0.16156,0.16188,0.01,0.22
2015.06.05 00:43:45.923,0.16156,0.16187,0.01,0.16
2015.06.05 00:43:47.667,0.16155,0.16187,0.01,0.16
2015.06.05 00:43:49.686,0.16156,0.16187,0.01,0.16
2015.06.05 00:43:55.217,0.16155,0.16187,0.01,0.16
2015.06.05 00:44:02.826,0.16156,0.16187,0.01,0.16
2015.06.05 00:44:04.733,0.16155,0.16187,0.01,0.16
2015.06.05 00:44:06.047,0.16155,0.16189,0.01,0.19
2015.06.05 00:44:06.577,0.16155,0.16187,0.01,0.22
2015.06.05 00:44:07.205,0.16156,0.16187,0.01,0.22
2015.06.05 00:44:09.186,0.16156,0.16188,0.01,0.19
2015.06.05 00:44:09.493,0.16159,0.1619,0.01,0.02
2015.06.05 00:44:13.076,0.1616,0.1619,0.01,0.02
2015.06.05 00:44:18.398,0.16159,0.1619,0.01,0.02
2015.06.05 00:44:20.115,0.1616,0.1619,0.01,0.02
2015.06.05 00:44:23.465,0.16159,0.1619,0.01,0.02
2015.06.05 00:44:25.344,0.1616,0.1619,0.01,0.02
2015.06.05 00:44:27.251,0.16159,0.1619,0.01,0.02
2015.06.05 00:44:31.073,0.1616,0.1619,0.01,0.02
2015.06.05 00:44:34.788,0.16159,0.1619,0.01,0.02
2015.06.05 00:44:44.338,0.1616,0.1619,0.01,0.02
2015.06.05 00:44:47.172,0.16159,0.1619,0.08,0.02
2015.06.05 00:44:48.094,0.1616,0.1619,0.01,0.02
2015.06.05 00:44:55.761,0.16159,0.1619,0.08,0.02
2015.06.05 00:45:03.383,0.1616,0.1619,0.01,0.02
2015.06.05 00:45:05.796,0.16159,0.1619,0.01,0.02
2015.06.05 00:45:06.449,0.1616,0.1619,0.01,0.02
2015.06.05 00:45:07.100,0.16159,0.1619,0.01,0.02
2015.06.05 00:45:09.007,0.1616,0.1619,0.01,0.02
2015.06.05 00:45:09.505,0.1616,0.16193,0.01,0.14
2015.06.05 00:45:10.913,0.16159,0.16193,0.01,0.14
2015.06.05 00:45:12.818,0.1616,0.16193,0.01,0.14
2015.06.05 00:45:13.418,0.16159,0.16194,0.01,0.22
2015.06.05 00:45:16.705,0.1616,0.16194,0.01,0.22
2015.06.05 00:45:18.535,0.16159,0.16194,0.01,0.22
2015.06.05 00:45:24.252,0.1616,0.16194,0.01,0.22
2015.06.05 00:45:25.220,0.1616,0.16193,0.01,0.24
2015.06.05 00:45:25.808,0.16159,0.16193,0.01,0.24
2015.06.05 00:45:31.873,0.1616,0.16193,0.01,0.17
2015.06.05 00:45:43.244,0.1616,0.16191,0.01,0.18
2015.06.05 00:45:45.547,0.1616,0.16192,0.01,0.17
2015.06.05 00:45:46.287,0.16159,0.16192,0.03,0.02
2015.06.05 00:45:46.911,0.1616,0.16192,0.01,0.02
2015.06.05 00:45:48.715,0.16159,0.16192,0.03,0.02
2015.06.05 00:45:49.756,0.16159,0.16193,0.01,0.19
2015.06.05 00:45:50.621,0.1616,0.16193,0.01,0.19
2015.06.05 00:45:54.539,0.16159,0.16193,0.01,0.19
2015.06.05 00:45:56.359,0.1616,0.16193,0.01,0.19
2015.06.05 00:45:58.248,0.16159,0.16193,0.01,0.19
2015.06.05 00:46:05.873,0.16159,0.16192,0.01,0.23
2015.06.05 00:46:06.545,0.1616,0.16192,0.01,0.23
2015.06.05 00:46:07.716,0.16159,0.16192,0.01,0.23
2015.06.05 00:46:08.774,0.16159,0.16194,0.01,0.21
2015.06.05 00:46:15.669,0.1616,0.16194,0.01,0.21
2015.06.05 00:46:19.940,0.16159,0.16194,0.01,0.21
2015.06.05 00:46:21.776,0.1616,0.16194,0.01,0.21
2015.06.05 00:46:23.684,0.16159,0.16194,0.01,0.21
2015.06.05 00:46:25.907,0.16159,0.16193,0.01,0.23
2015.06.05 00:46:27.511,0.1616,0.16193,0.01,0.23
2015.06.05 00:46:29.299,0.16159,0.16193,0.01,0.23
2015.06.05 00:46:31.236,0.1616,0.16193,0.01,0.23
2015.06.05 00:46:36.927,0.16159,0.16193,0.01,0.23
2015.06.05 00:46:40.742,0.1616,0.16193,0.01,0.23
2015.06.05 00:46:42.648,0.16159,0.16193,0.01,0.23
2015.06.05 00:46:45.959,0.16159,0.16192,0.01,0.19
2015.06.05 00:46:46.569,0.1616,0.16192,0.01,0.19
2015.06.05 00:46:48.376,0.16159,0.16192,0.01,0.19
2015.06.05 00:46:50.278,0.1616,0.16192,0.01,0.19
2015.06.05 00:46:50.780,0.16159,0.16192,0.01,0.19
2015.06.05 00:46:55.392,0.1616,0.16192,0.01,0.19
2015.06.05 00:46:56.495,0.16159,0.16192,0.01,0.19
2015.06.05 00:46:58.430,0.1616,0.16192,0.01,0.19
2015.06.05 00:47:02.211,0.16159,0.16192,0.01,0.19
2015.06.05 00:47:04.117,0.1616,0.16192,0.01,0.19
2015.06.05 00:47:05.953,0.1616,0.16193,0.01,0.24
2015.06.05 00:47:06.611,0.16159,0.16193,0.06,0.24
2015.06.05 00:47:07.928,0.1616,0.16193,0.01,0.24
2015.06.05 00:47:08.641,0.16159,0.16193,0.06,0.24
2015.06.05 00:47:09.351,0.1616,0.16193,0.01,0.24
2015.06.05 00:47:12.444,0.16159,0.16193,0.06,0.24
2015.06.05 00:47:16.262,0.1616,0.16193,0.01,0.24
2015.06.05 00:47:18.178,0.16159,0.16193,0.06,0.24
2015.06.05 00:47:18.484,0.16162,0.16193,0.01,0.24
2015.06.05 00:47:19.894,0.16161,0.16193,0.22,0.02
2015.06.05 00:47:21.977,0.16162,0.16193,0.01,0.02
2015.06.05 00:47:22.996,0.16161,0.16193,0.22,0.02
2015.06.05 00:47:23.606,0.16162,0.16193,0.01,0.02
2015.06.05 00:47:25.503,0.16161,0.16193,0.22,0.02
2015.06.05 00:47:26.417,0.16162,0.16193,0.01,0.02
2015.06.05 00:47:27.459,0.16162,0.16195,0.01,0.08
2015.06.05 00:47:28.271,0.16161,0.16196,0.01,0.26
2015.06.05 00:47:31.454,0.16161,0.16194,0.01,0.02
2015.06.05 00:47:33.627,0.16162,0.16194,0.01,0.02
2015.06.05 00:47:36.914,0.16162,0.16195,0.01,0.02
2015.06.05 00:47:38.482,0.16161,0.16195,0.17,0.02
2015.06.05 00:47:38.839,0.16163,0.16195,0.01,0.02
2015.06.05 00:47:42.373,0.16164,0.16195,0.01,0.02
2015.06.05 00:47:44.171,0.16163,0.16195,0.01,0.02
2015.06.05 00:47:44.780,0.16164,0.16195,0.01,0.02
2015.06.05 00:47:48.381,0.16162,0.16193,0.16,0.02
2015.06.05 00:47:49.070,0.16161,0.16193,0.19,0.02
2015.06.05 00:47:50.280,0.16162,0.16193,0.01,0.02
2015.06.05 00:47:51.504,0.16161,0.16193,0.19,0.02
2015.06.05 00:47:51.805,0.16159,0.16192,0.01,0.16
2015.06.05 00:47:52.424,0.16159,0.16191,0.01,0.02
2015.06.05 00:47:53.206,0.16161,0.16191,0.01,0.02
2015.06.05 00:47:56.526,0.16161,0.16193,0.05,0.02
2015.06.05 00:48:00.306,0.16159,0.16192,0.01,0.19
2015.06.05 00:48:00.564,0.16159,0.1619,0.01,0.02
2015.06.05 00:48:01.720,0.16161,0.16191,0.01,0.02
2015.06.05 00:48:02.112,0.16159,0.1619,0.01,0.02
2015.06.05 00:48:02.856,0.1616,0.1619,0.01,0.02
2015.06.05 00:48:04.196,0.16159,0.1619,0.01,0.02
2015.06.05 00:48:07.851,0.1616,0.1619,0.01,0.02
2015.06.05 00:48:11.556,0.16159,0.1619,0.01,0.02
2015.06.05 00:48:15.391,0.1616,0.1619,0.01,0.02
2015.06.05 00:48:16.156,0.16159,0.1619,0.01,0.02
2015.06.05 00:48:19.315,0.1616,0.1619,0.01,0.02
2015.06.05 00:48:21.119,0.16159,0.1619,0.03,0.02
2015.06.05 00:48:23.024,0.1616,0.1619,0.01,0.02
2015.06.05 00:48:24.744,0.16158,0.1619,0.11,0.02
2015.06.05 00:48:57.112,0.16158,0.16194,0.03,0.19
2015.06.05 00:48:57.217,0.16162,0.16194,0.01,0.19
2015.06.05 00:48:59.044,0.16161,0.16194,0.13,0.02
2015.06.05 00:49:00.975,0.16162,0.16194,0.01,0.02
2015.06.05 00:49:01.584,0.16162,0.16195,0.01,0.02
2015.06.05 00:49:02.833,0.16161,0.16195,0.13,0.02
2015.06.05 00:49:05.589,0.16161,0.16194,0.13,0.02
2015.06.05 00:49:09.566,0.16162,0.16194,0.01,0.02
2015.06.05 00:49:11.336,0.16161,0.16194,0.01,0.02
2015.06.05 00:49:13.182,0.16162,0.16194,0.01,0.02
2015.06.05 00:49:15.096,0.16161,0.16194,0.01,0.02
2015.06.05 00:49:15.675,0.16162,0.16194,0.01,0.02
2015.06.05 00:49:18.920,0.16161,0.16194,0.01,0.02
2015.06.05 00:49:20.250,0.16162,0.16196,0.01,0.21
2015.06.05 00:49:20.761,0.16161,0.16196,0.01,0.16
2015.06.05 00:49:22.138,0.16162,0.16196,0.01,0.02
2015.06.05 00:49:23.247,0.16161,0.16196,0.22,0.02
2015.06.05 00:49:23.755,0.16162,0.16196,0.01,0.19
2015.06.05 00:49:24.303,0.16161,0.16195,0.24,0.08
2015.06.05 00:49:25.307,0.16162,0.16196,0.01,0.20
2015.06.05 00:49:27.776,0.16163,0.16196,0.02,0.02
2015.06.05 00:49:28.309,0.16161,0.16195,0.20,0.06
2015.06.05 00:49:29.193,0.16162,0.16195,0.01,0.06
2015.06.05 00:49:29.909,0.16162,0.16194,0.01,0.02
2015.06.05 00:49:30.985,0.16163,0.16194,0.20,0.02
2015.06.05 00:49:33.304,0.16163,0.16195,0.02,0.02
2015.06.05 00:49:41.717,0.16164,0.16195,0.02,0.02
2015.06.05 00:49:42.819,0.16162,0.16195,0.03,0.02
2015.06.05 00:49:43.815,0.16163,0.16195,0.01,0.02
2015.06.05 00:49:44.322,0.16162,0.16195,0.22,0.02
2015.06.05 00:49:45.069,0.16163,0.16195,0.20,0.02
2015.06.05 00:49:46.043,0.16164,0.16195,0.02,0.02
2015.06.05 00:50:05.953,0.16163,0.16195,0.01,0.02
2015.06.05 00:50:07.281,0.16162,0.16195,0.20,0.02
2015.06.05 00:50:11.123,0.16163,0.16195,0.01,0.02
2015.06.05 00:50:18.675,0.16162,0.16195,0.20,0.02
2015.06.05 00:50:20.380,0.16163,0.16195,0.01,0.02
2015.06.05 00:50:20.989,0.16162,0.16195,0.11,0.02
2015.06.05 00:50:26.799,0.16163,0.16195,0.01,0.02
2015.06.05 00:50:27.635,0.16163,0.16194,0.03,0.02
2015.06.05 00:50:31.480,0.16163,0.16195,0.22,0.02
2015.06.05 00:50:45.915,0.16164,0.16195,0.02,0.02
2015.06.05 00:51:25.867,0.16163,0.16195,0.20,0.02
2015.06.05 00:51:31.614,0.16163,0.16197,0.21,0.23
2015.06.05 00:52:05.928,0.16163,0.16198,0.03,0.02
2015.06.05 00:52:07.794,0.16163,0.16199,0.13,0.16
2015.06.05 00:52:25.956,0.16164,0.16198,0.12,0.19
2015.06.05 00:52:30.480,0.16165,0.16198,0.01,0.19
2015.06.05 00:52:31.482,0.16164,0.16198,0.13,0.19
2015.06.05 00:52:32.367,0.16164,0.16197,0.01,0.18
2015.06.05 00:52:33.229,0.16165,0.16197,0.01,0.18
2015.06.05 00:52:33.889,0.16164,0.16197,0.01,0.18
2015.06.05 00:52:35.292,0.16165,0.16197,0.01,0.18
2015.06.05 00:52:37.097,0.16164,0.16197,0.01,0.18
2015.06.05 00:52:42.815,0.16165,0.16197,0.01,0.18
2015.06.05 00:52:46.061,0.16165,0.16198,0.01,0.18
2015.06.05 00:52:47.327,0.16164,0.16198,0.08,0.18
2015.06.05 00:52:48.529,0.16165,0.16198,0.01,0.18
2015.06.05 00:52:50.434,0.16164,0.16198,0.08,0.18
2015.06.05 00:52:50.754,0.16164,0.16195,0.08,0.02
2015.06.05 00:52:52.340,0.16165,0.16195,0.01,0.02
2015.06.05 00:52:53.343,0.16164,0.16195,0.08,0.02
2015.06.05 00:52:54.250,0.16165,0.16195,0.01,0.02
2015.06.05 00:52:58.064,0.16164,0.16195,0.08,0.02
2015.06.05 00:53:01.881,0.16165,0.16195,0.01,0.02
2015.06.05 00:53:05.690,0.16164,0.16195,0.08,0.02
2015.06.05 00:53:09.400,0.16165,0.16195,0.01,0.02
2015.06.05 00:53:13.276,0.16164,0.16195,0.03,0.02
2015.06.05 00:53:14.205,0.16162,0.16194,0.22,0.02
2015.06.05 00:53:17.956,0.16163,0.16194,0.01,0.02
2015.06.05 00:53:20.479,0.16163,0.16195,0.01,0.02
2015.06.05 00:53:24.506,0.16163,0.16194,0.01,0.02
2015.06.05 00:53:25.227,0.16164,0.16194,0.01,0.02
2015.06.05 00:53:27.083,0.16163,0.16194,0.01,0.02
2015.06.05 00:53:28.577,0.16163,0.16195,0.01,0.08
2015.06.05 00:53:29.790,0.16164,0.16195,0.01,0.08
2015.06.05 00:53:30.892,0.16163,0.16195,0.03,0.02
2015.06.05 00:53:34.813,0.16164,0.16195,0.01,0.02
2015.06.05 00:53:36.607,0.16163,0.16195,0.03,0.02
2015.06.05 00:53:38.513,0.16164,0.16195,0.01,0.02
2015.06.05 00:53:40.318,0.16163,0.16195,0.03,0.02
2015.06.05 00:53:41.470,0.16162,0.16195,0.01,0.20
2015.06.05 00:53:41.773,0.16162,0.16193,0.01,0.02
2015.06.05 00:53:42.527,0.16163,0.16193,0.01,0.02
2015.06.05 00:53:45.626,0.16163,0.16196,0.15,0.02
2015.06.05 00:53:46.338,0.16164,0.16196,0.01,0.02
2015.06.05 00:53:50.160,0.16163,0.16196,0.15,0.02
2015.06.05 00:53:52.065,0.16164,0.16196,0.01,0.02
2015.06.05 00:53:57.961,0.16163,0.16196,0.15,0.02
2015.06.05 00:54:05.312,0.16164,0.16196,0.01,0.02
2015.06.05 00:54:07.217,0.16163,0.16196,0.22,0.02
2015.06.05 00:54:09.227,0.16164,0.16196,0.01,0.02
2015.06.05 00:54:10.328,0.16163,0.16196,0.22,0.02
2015.06.05 00:54:12.947,0.16164,0.16196,0.01,0.02
2015.06.05 00:54:14.867,0.16163,0.16196,0.22,0.02
2015.06.05 00:54:20.569,0.16164,0.16196,0.01,0.02
2015.06.05 00:54:22.475,0.16163,0.16196,0.22,0.02
2015.06.05 00:54:24.611,0.16164,0.16196,0.01,0.02
2015.06.05 00:54:29.998,0.16163,0.16196,0.23,0.02
2015.06.05 00:54:33.823,0.16164,0.16196,0.01,0.02
2015.06.05 00:54:35.331,0.16163,0.16196,0.01,0.02
2015.06.05 00:54:36.037,0.16164,0.16196,0.01,0.02
2015.06.05 00:54:45.775,0.16164,0.16202,0.01,0.02
2015.06.05 00:54:47.072,0.16163,0.16203,0.01,0.02
2015.06.05 00:54:47.775,0.16164,0.16202,0.01,0.02
2015.06.05 00:54:48.357,0.16163,0.16203,0.01,0.02
2015.06.05 00:54:49.107,0.16164,0.16202,0.01,0.02
2015.06.05 00:54:50.888,0.16163,0.16203,0.01,0.02
2015.06.05 00:54:55.037,0.16164,0.16202,0.01,0.02
2015.06.05 00:54:58.512,0.16163,0.16203,0.01,0.02
2015.06.05 00:54:58.885,0.16163,0.16194,0.01,0.02
2015.06.05 00:54:58.935,0.16161,0.16194,0.01,0.02
2015.06.05 00:54:59.036,0.16163,0.16194,0.01,0.02
2015.06.05 00:55:00.923,0.16162,0.16194,0.01,0.02
2015.06.05 00:55:01.929,0.16163,0.16194,0.01,0.02
2015.06.05 00:55:02.961,0.16163,0.16195,0.01,0.02
2015.06.05 00:55:04.137,0.16162,0.16195,0.01,0.02
2015.06.05 00:55:06.228,0.16163,0.16195,0.24,0.02
2015.06.05 00:55:15.475,0.16165,0.16195,0.01,0.02
2015.06.05 00:55:16.105,0.16164,0.16195,0.01,0.02
2015.06.05 00:55:18.082,0.16165,0.16195,0.01,0.02
2015.06.05 00:55:19.208,0.16164,0.16195,0.01,0.02
2015.06.05 00:55:19.714,0.16165,0.16195,0.01,0.02
2015.06.05 00:55:20.688,0.16164,0.16195,0.01,0.02
2015.06.05 00:55:21.226,0.16165,0.16195,0.01,0.02
2015.06.05 00:55:24.000,0.16164,0.16195,0.01,0.02
2015.06.05 00:55:24.676,0.16165,0.16195,0.01,0.02
2015.06.05 00:55:25.392,0.16164,0.16195,0.01,0.02
2015.06.05 00:55:28.813,0.16165,0.16195,0.01,0.02
2015.06.05 00:55:30.718,0.16164,0.16195,0.11,0.02
2015.06.05 00:55:32.525,0.16165,0.16195,0.01,0.02
2015.06.05 00:55:34.430,0.16164,0.16195,0.11,0.02
2015.06.05 00:55:36.335,0.16165,0.16195,0.01,0.02
2015.06.05 00:55:39.444,0.16164,0.16195,0.11,0.02
2015.06.05 00:55:40.146,0.16165,0.16195,0.01,0.02
2015.06.05 00:55:45.861,0.16164,0.16195,0.11,0.02
2015.06.05 00:55:49.678,0.16165,0.16195,0.01,0.02
2015.06.05 00:55:51.595,0.16164,0.16195,0.01,0.02
2015.06.05 00:55:59.209,0.16165,0.16195,0.01,0.02
2015.06.05 00:56:02.970,0.16165,0.16197,0.01,0.24
2015.06.05 00:56:04.996,0.16164,0.16197,0.01,0.24
2015.06.05 00:56:05.985,0.16164,0.16198,0.01,0.19
2015.06.05 00:56:06.975,0.16165,0.16198,0.01,0.19
2015.06.05 00:56:10.606,0.16164,0.16198,0.01,0.19
2015.06.05 00:56:12.917,0.16165,0.16198,0.01,0.19
2015.06.05 00:56:17.906,0.16164,0.16198,0.01,0.19
2015.06.05 00:56:19.813,0.16165,0.16198,0.01,0.19
2015.06.05 00:56:23.526,0.16164,0.16198,0.01,0.19
2015.06.05 00:56:25.603,0.16165,0.16198,0.01,0.19
2015.06.05 00:56:26.328,0.16164,0.16198,0.01,0.21
2015.06.05 00:56:27.368,0.16165,0.16198,0.01,0.21
2015.06.05 00:56:29.243,0.16164,0.16198,0.01,0.21
2015.06.05 00:56:31.153,0.16165,0.16198,0.01,0.21
2015.06.05 00:56:33.062,0.16164,0.16198,0.01,0.21
2015.06.05 00:56:34.966,0.16165,0.16198,0.01,0.21
2015.06.05 00:56:38.776,0.16164,0.16198,0.01,0.21
2015.06.05 00:56:40.682,0.16165,0.16198,0.01,0.21
2015.06.05 00:56:42.586,0.16164,0.16198,0.01,0.21
2015.06.05 00:56:45.995,0.16164,0.16197,0.01,0.20
2015.06.05 00:56:48.214,0.16165,0.16197,0.01,0.20
2015.06.05 00:56:59.598,0.16164,0.16197,0.01,0.20
2015.06.05 00:57:00.581,0.16166,0.16197,0.01,0.20
2015.06.05 00:57:01.213,0.16165,0.16197,0.01,0.20
2015.06.05 00:57:03.729,0.16166,0.16197,0.01,0.20
2015.06.05 00:57:09.947,0.16165,0.16197,0.01,0.19
2015.06.05 00:57:11.967,0.16166,0.16197,0.01,0.19
2015.06.05 00:57:19.474,0.16165,0.16197,0.01,0.19
2015.06.05 00:57:21.379,0.16166,0.16197,0.01,0.19
2015.06.05 00:57:23.284,0.16165,0.16197,0.01,0.19
2015.06.05 00:57:25.190,0.16166,0.16197,0.01,0.19
2015.06.05 00:57:25.918,0.16166,0.16198,0.01,0.20
2015.06.05 00:57:27.094,0.16165,0.16198,0.01,0.20
2015.06.05 00:57:28.907,0.16166,0.16198,0.01,0.20
2015.06.05 00:57:32.719,0.16165,0.16198,0.01,0.20
2015.06.05 00:57:34.625,0.16166,0.16198,0.01,0.20
2015.06.05 00:57:38.435,0.16165,0.16198,0.01,0.20
2015.06.05 00:57:40.340,0.16166,0.16198,0.01,0.20
2015.06.05 00:57:44.239,0.16165,0.16198,0.01,0.20
2015.06.05 00:57:46.055,0.16166,0.16198,0.01,0.20
2015.06.05 00:57:48.765,0.16165,0.16198,0.01,0.20
2015.06.05 00:57:49.869,0.16166,0.16198,0.01,0.20
2015.06.05 00:57:51.773,0.16165,0.16198,0.01,0.20
2015.06.05 00:57:57.491,0.16166,0.16198,0.01,0.20
2015.06.05 00:57:59.396,0.16165,0.16198,0.01,0.20
2015.06.05 00:58:01.225,0.16166,0.16198,0.01,0.20
2015.06.05 00:58:05.902,0.16166,0.16199,0.01,0.17
2015.06.05 00:58:06.932,0.16165,0.16199,0.01,0.17
2015.06.05 00:58:10.787,0.16166,0.16199,0.01,0.17
2015.06.05 00:58:14.564,0.16165,0.16199,0.01,0.17
2015.06.05 00:58:18.359,0.16166,0.16199,0.01,0.17
2015.06.05 00:58:19.505,0.16165,0.16199,0.01,0.17
2015.06.05 00:58:20.204,0.16166,0.16199,0.01,0.17
2015.06.05 00:58:20.864,0.16165,0.16199,0.01,0.17
2015.06.05 00:58:22.168,0.16166,0.16199,0.01,0.17
2015.06.05 00:58:24.072,0.16165,0.16199,0.01,0.17
2015.06.05 00:58:25.928,0.16165,0.16197,0.01,0.12
2015.06.05 00:58:29.785,0.16164,0.16197,0.01,0.12
2015.06.05 00:58:39.266,0.16165,0.16197,0.01,0.12
2015.06.05 00:58:39.835,0.16164,0.16197,0.01,0.12
2015.06.05 00:58:40.560,0.16163,0.16197,0.21,0.12
2015.06.05 00:58:40.986,0.16162,0.16194,0.01,0.02
2015.06.05 00:58:41.500,0.16163,0.16194,0.07,0.02
2015.06.05 00:58:42.146,0.16164,0.16194,0.01,0.02
2015.06.05 00:58:42.845,0.16163,0.16194,0.01,0.02
2015.06.05 00:58:43.376,0.16164,0.16194,0.01,0.02
2015.06.05 00:58:44.623,0.16164,0.16195,0.01,0.02
2015.06.05 00:58:47.202,0.16165,0.16195,0.01,0.02
2015.06.05 00:58:50.704,0.16164,0.16195,0.01,0.02
2015.06.05 00:59:02.134,0.16165,0.16195,0.01,0.02
2015.06.05 00:59:04.090,0.16164,0.16195,0.01,0.02
2015.06.05 00:59:07.895,0.16165,0.16195,0.01,0.02
2015.06.05 00:59:09.812,0.16164,0.16195,0.01,0.02
2015.06.05 00:59:11.605,0.16165,0.16195,0.01,0.02
2015.06.05 00:59:13.642,0.16164,0.16195,0.01,0.02
2015.06.05 00:59:17.320,0.16165,0.16195,0.01,0.02
2015.06.05 00:59:19.268,0.16164,0.16195,0.01,0.02
2015.06.05 00:59:23.037,0.16165,0.16195,0.01,0.02
2015.06.05 00:59:26.161,0.16164,0.16195,0.01,0.02
2015.06.05 00:59:26.867,0.16165,0.16195,0.01,0.02
2015.06.05 00:59:32.560,0.16164,0.16195,0.01,0.02
2015.06.05 00:59:34.465,0.16165,0.16195,0.01,0.02
2015.06.05 00:59:38.273,0.16164,0.16195,0.01,0.02
2015.06.05 00:59:42.083,0.16165,0.16195,0.01,0.02
2015.06.05 00:59:44.884,0.16165,0.16197,0.01,0.19
2015.06.05 00:59:45.925,0.16164,0.16198,0.13,0.22
2015.06.05 00:59:47.800,0.16165,0.16198,0.01,0.22
2015.06.05 00:59:49.604,0.16164,0.16198,0.13,0.22
2015.06.05 00:59:51.640,0.16165,0.16198,0.01,0.22
2015.06.05 00:59:55.323,0.16164,0.16198,0.13,0.22
2015.06.05 00:59:57.239,0.16165,0.16198,0.01,0.22
2015.06.05 00:59:59.297,0.16164,0.16198,0.13,0.22
