2015.06.05 13:00:00.318,0.16049,0.16079,0.02,0.22
2015.06.05 13:00:00.820,0.16048,0.16078,0.02,0.22
2015.06.05 13:00:00.971,0.16046,0.16076,0.02,0.20
2015.06.05 13:00:01.173,0.1604,0.16072,0.02,0.20
2015.06.05 13:00:01.410,0.16042,0.16076,0.10,0.18
2015.06.05 13:00:01.519,0.16043,0.16073,0.02,0.04
2015.06.05 13:00:01.625,0.16037,0.16071,0.02,0.18
2015.06.05 13:00:01.726,0.16035,0.16068,0.02,0.02
2015.06.05 13:00:02.076,0.16037,0.16069,0.02,0.01
2015.06.05 13:00:02.127,0.16034,0.16068,0.17,0.25
2015.06.05 13:00:02.228,0.16034,0.16066,0.16,0.10
2015.06.05 13:00:03.618,0.16034,0.16068,0.21,0.22
2015.06.05 13:00:03.719,0.16037,0.16069,0.16,0.07
2015.06.05 13:00:03.834,0.16038,0.16072,0.19,0.18
2015.06.05 13:00:04.146,0.1604,0.16073,0.24,0.02
2015.06.05 13:00:04.777,0.1604,0.16074,0.24,0.13
2015.06.05 13:00:05.762,0.16044,0.16075,0.02,0.02
2015.06.05 13:00:06.143,0.16046,0.16078,0.16,0.21
2015.06.05 13:00:06.243,0.16048,0.1608,0.09,0.26
2015.06.05 13:00:06.615,0.16044,0.16078,0.02,0.18
2015.06.05 13:00:06.846,0.16044,0.16076,0.17,0.22
2015.06.05 13:00:07.574,0.16042,0.16076,0.14,0.20
2015.06.05 13:00:07.756,0.16044,0.16076,0.18,0.12
2015.06.05 13:00:08.197,0.16042,0.16076,0.19,0.18
2015.06.05 13:00:08.772,0.16043,0.16075,0.12,0.16
2015.06.05 13:00:08.900,0.16041,0.16075,0.12,0.20
2015.06.05 13:00:09.000,0.1604,0.16072,0.18,0.17
2015.06.05 13:00:09.586,0.16038,0.1607,0.17,0.11
2015.06.05 13:00:09.787,0.16039,0.16073,0.24,0.16
2015.06.05 13:00:10.332,0.1604,0.16072,0.18,0.16
2015.06.05 13:00:10.806,0.1604,0.16074,0.10,0.19
2015.06.05 13:00:11.268,0.16039,0.16071,0.17,0.09
2015.06.05 13:00:11.378,0.16041,0.16075,0.24,0.12
2015.06.05 13:00:11.478,0.1604,0.16072,0.02,0.02
2015.06.05 13:00:11.579,0.16042,0.16076,0.17,0.16
2015.06.05 13:00:12.504,0.16043,0.16075,0.05,0.18
2015.06.05 13:00:12.705,0.16047,0.16079,0.02,0.18
2015.06.05 13:00:12.884,0.16047,0.16081,0.13,0.23
2015.06.05 13:00:13.385,0.16047,0.16079,0.20,0.24
2015.06.05 13:00:13.486,0.16045,0.16079,0.20,0.17
2015.06.05 13:00:13.587,0.16047,0.16081,0.18,0.25
2015.06.05 13:00:14.113,0.16046,0.1608,0.19,0.08
2015.06.05 13:00:14.498,0.16052,0.16085,0.02,0.03
2015.06.05 13:00:14.599,0.1605,0.16084,0.19,0.19
2015.06.05 13:00:15.120,0.16053,0.16085,0.05,0.21
2015.06.05 13:00:15.462,0.1605,0.16082,0.19,0.23
2015.06.05 13:00:16.137,0.1605,0.16083,0.02,0.02
2015.06.05 13:00:16.329,0.16051,0.16085,0.14,0.14
2015.06.05 13:00:16.429,0.16053,0.16085,0.19,0.19
2015.06.05 13:00:17.332,0.16053,0.16084,0.02,0.02
2015.06.05 13:00:17.578,0.16054,0.16086,0.10,0.20
2015.06.05 13:00:17.634,0.16054,0.16088,0.08,0.18
2015.06.05 13:00:18.436,0.16054,0.16086,0.19,0.20
2015.06.05 13:00:19.046,0.16055,0.16087,0.13,0.22
2015.06.05 13:00:20.243,0.16054,0.16086,0.19,0.14
2015.06.05 13:00:20.799,0.16053,0.16086,0.02,0.02
2015.06.05 13:00:21.119,0.16056,0.16088,0.17,0.21
2015.06.05 13:00:21.169,0.16056,0.1609,0.13,0.16
2015.06.05 13:00:22.352,0.16055,0.16089,0.23,0.07
2015.06.05 13:00:22.452,0.16055,0.16087,0.23,0.16
2015.06.05 13:00:22.854,0.16055,0.16089,0.23,0.21
2015.06.05 13:00:23.055,0.16055,0.16087,0.15,0.21
2015.06.05 13:00:23.723,0.16056,0.1609,0.22,0.16
2015.06.05 13:00:24.776,0.16054,0.16086,0.22,0.11
2015.06.05 13:00:25.062,0.16055,0.16089,0.10,0.15
2015.06.05 13:00:25.162,0.16057,0.16088,0.02,0.02
2015.06.05 13:00:25.263,0.16056,0.1609,0.18,0.09
2015.06.05 13:00:26.008,0.16057,0.16091,0.14,0.05
2015.06.05 13:00:26.066,0.16062,0.16094,0.21,0.17
2015.06.05 13:00:26.167,0.1606,0.16094,0.19,0.23
2015.06.05 13:00:26.669,0.16061,0.16095,0.20,0.17
2015.06.05 13:00:26.771,0.16061,0.16093,0.17,0.07
2015.06.05 13:00:26.974,0.16061,0.16095,0.02,0.25
2015.06.05 13:00:27.076,0.1606,0.16092,0.23,0.20
2015.06.05 13:00:27.502,0.16062,0.16096,0.02,0.18
2015.06.05 13:00:27.635,0.16062,0.16094,0.19,0.08
2015.06.05 13:00:28.521,0.16062,0.16096,0.19,0.15
2015.06.05 13:00:28.625,0.16065,0.16098,0.02,0.02
2015.06.05 13:00:28.846,0.16063,0.16097,0.10,0.26
2015.06.05 13:00:29.319,0.1606,0.16094,0.24,0.05
2015.06.05 13:00:30.778,0.1606,0.16092,0.25,0.11
2015.06.05 13:00:31.279,0.16062,0.16094,0.20,0.17
2015.06.05 13:00:31.617,0.16064,0.16096,0.21,0.06
2015.06.05 13:00:31.868,0.16064,0.16098,0.19,0.17
2015.06.05 13:00:32.332,0.16062,0.16094,0.02,0.02
2015.06.05 13:00:32.382,0.16064,0.16098,0.20,0.21
2015.06.05 13:00:33.901,0.16066,0.161,0.06,0.18
2015.06.05 13:00:34.294,0.16066,0.16098,0.20,0.07
2015.06.05 13:00:37.500,0.16065,0.16097,0.20,0.19
2015.06.05 13:00:37.804,0.16065,0.16099,0.23,0.17
2015.06.05 13:00:38.102,0.16065,0.16097,0.18,0.21
2015.06.05 13:00:38.844,0.16071,0.16103,0.02,0.02
2015.06.05 13:00:41.348,0.16068,0.16098,0.01,0.08
2015.06.05 13:00:41.399,0.16066,0.16098,0.17,0.08
2015.06.05 13:00:42.640,0.16067,0.16099,0.18,0.15
2015.06.05 13:00:42.741,0.16069,0.16101,0.15,0.24
2015.06.05 13:00:44.575,0.1607,0.16102,0.23,0.20
2015.06.05 13:00:44.646,0.16068,0.16102,0.10,0.21
2015.06.05 13:00:45.474,0.16071,0.16103,0.13,0.19
2015.06.05 13:00:45.986,0.16068,0.16102,0.14,0.22
2015.06.05 13:00:46.153,0.1607,0.16102,0.13,0.18
2015.06.05 13:00:46.354,0.16066,0.161,0.20,0.04
2015.06.05 13:00:47.185,0.16068,0.161,0.02,0.22
2015.06.05 13:00:47.286,0.1607,0.16104,0.15,0.16
2015.06.05 13:00:47.460,0.16066,0.161,0.18,0.04
2015.06.05 13:00:47.769,0.16068,0.16102,0.12,0.20
2015.06.05 13:00:49.085,0.16067,0.16099,0.24,0.05
2015.06.05 13:00:49.590,0.16066,0.16098,0.19,0.06
2015.06.05 13:00:58.919,0.16063,0.16093,0.03,0.15
2015.06.05 13:00:58.970,0.16061,0.16093,0.02,0.15
2015.06.05 13:00:59.218,0.16063,0.16095,0.16,0.15
2015.06.05 13:00:59.915,0.16062,0.16094,0.05,0.19
2015.06.05 13:01:00.016,0.16062,0.16096,0.15,0.19
2015.06.05 13:01:00.546,0.16063,0.16097,0.10,0.24
2015.06.05 13:01:01.932,0.16061,0.16095,0.23,0.12
2015.06.05 13:01:02.378,0.16063,0.16094,0.02,0.18
2015.06.05 13:01:02.437,0.16063,0.16096,0.02,0.17
2015.06.05 13:01:02.780,0.16063,0.16094,0.02,0.21
2015.06.05 13:01:04.328,0.1606,0.16094,0.23,0.21
2015.06.05 13:01:06.181,0.1606,0.16092,0.18,0.13
2015.06.05 13:01:06.729,0.16061,0.16093,0.19,0.22
2015.06.05 13:01:07.638,0.16064,0.16096,0.18,0.22
2015.06.05 13:01:07.950,0.16062,0.16094,0.20,0.21
2015.06.05 13:01:08.203,0.1606,0.16094,0.15,0.05
2015.06.05 13:01:08.627,0.16059,0.16091,0.11,0.16
2015.06.05 13:01:08.727,0.16059,0.16093,0.09,0.18
2015.06.05 13:01:08.828,0.16057,0.16089,0.21,0.05
2015.06.05 13:01:09.330,0.1606,0.16092,0.21,0.18
2015.06.05 13:01:11.921,0.16059,0.1609,0.02,0.02
2015.06.05 13:01:12.165,0.1606,0.16092,0.20,0.17
2015.06.05 13:01:12.418,0.1606,0.16094,0.21,0.19
2015.06.05 13:01:13.052,0.16059,0.16093,0.23,0.08
2015.06.05 13:01:13.317,0.1606,0.16094,0.02,0.02
2015.06.05 13:01:13.622,0.16059,0.1609,0.04,0.02
2015.06.05 13:01:14.308,0.16059,0.16089,0.02,0.02
2015.06.05 13:01:14.359,0.16059,0.16091,0.20,0.23
2015.06.05 13:01:14.875,0.1606,0.16093,0.02,0.19
2015.06.05 13:01:15.568,0.16061,0.16094,0.02,0.02
2015.06.05 13:01:15.770,0.16059,0.16089,0.02,0.18
2015.06.05 13:01:15.821,0.16057,0.16089,0.18,0.18
2015.06.05 13:01:18.548,0.16056,0.16088,0.19,0.16
2015.06.05 13:01:19.490,0.16055,0.16087,0.05,0.22
2015.06.05 13:01:19.592,0.1605,0.16084,0.09,0.16
2015.06.05 13:01:20.239,0.16051,0.16085,0.14,0.16
2015.06.05 13:01:20.793,0.16049,0.16083,0.22,0.07
2015.06.05 13:01:21.375,0.16052,0.16084,0.19,0.18
2015.06.05 13:01:21.695,0.1605,0.16082,0.02,0.19
2015.06.05 13:01:22.023,0.16052,0.16083,0.02,0.02
2015.06.05 13:01:22.442,0.16049,0.16082,0.02,0.09
2015.06.05 13:01:23.551,0.16048,0.16082,0.19,0.09
2015.06.05 13:01:23.703,0.1605,0.16082,0.07,0.21
2015.06.05 13:01:24.557,0.16051,0.16085,0.12,0.21
2015.06.05 13:01:25.624,0.16051,0.16083,0.20,0.21
2015.06.05 13:01:27.116,0.1605,0.16082,0.02,0.11
2015.06.05 13:01:27.227,0.16048,0.16082,0.14,0.22
2015.06.05 13:01:27.328,0.16047,0.16079,0.22,0.16
2015.06.05 13:01:27.706,0.16048,0.16081,0.01,0.12
2015.06.05 13:01:28.386,0.16048,0.1608,0.10,0.19
2015.06.05 13:01:28.678,0.16046,0.1608,0.16,0.19
2015.06.05 13:01:29.926,0.16047,0.16079,0.08,0.16
2015.06.05 13:01:31.394,0.16047,0.1608,0.02,0.02
2015.06.05 13:01:31.903,0.16048,0.1608,0.02,0.20
2015.06.05 13:01:33.113,0.16047,0.16079,0.18,0.17
2015.06.05 13:01:41.870,0.16044,0.16078,0.18,0.12
2015.06.05 13:01:43.202,0.16042,0.16076,0.12,0.15
2015.06.05 13:01:45.003,0.1604,0.16074,0.02,0.23
2015.06.05 13:01:45.570,0.16041,0.16073,0.02,0.18
2015.06.05 13:01:45.620,0.16041,0.16075,0.02,0.19
2015.06.05 13:01:45.676,0.16043,0.16075,0.02,0.20
2015.06.05 13:01:46.108,0.16042,0.16073,0.02,0.02
2015.06.05 13:01:46.159,0.16039,0.16073,0.02,0.19
2015.06.05 13:01:47.627,0.16039,0.16071,0.13,0.17
2015.06.05 13:01:48.529,0.16038,0.1607,0.02,0.22
2015.06.05 13:01:49.627,0.16038,0.16072,0.15,0.19
2015.06.05 13:01:51.709,0.16037,0.16071,0.18,0.20
2015.06.05 13:01:52.265,0.16038,0.16072,0.20,0.10
2015.06.05 13:01:53.070,0.16039,0.16072,0.02,0.02
2015.06.05 13:01:54.440,0.16037,0.16071,0.17,0.16
2015.06.05 13:01:54.947,0.16039,0.16071,0.12,0.16
2015.06.05 13:01:55.485,0.16041,0.16073,0.12,0.21
2015.06.05 13:01:55.815,0.16039,0.16071,0.10,0.17
2015.06.05 13:01:56.351,0.16038,0.1607,0.14,0.16
2015.06.05 13:01:56.869,0.16039,0.16071,0.16,0.25
2015.06.05 13:01:57.746,0.1604,0.16074,0.23,0.20
2015.06.05 13:01:58.736,0.16041,0.16073,0.20,0.20
2015.06.05 13:02:00.333,0.16039,0.1607,0.02,0.02
2015.06.05 13:02:00.533,0.16038,0.16072,0.02,0.11
2015.06.05 13:02:00.873,0.1604,0.16074,0.12,0.24
2015.06.05 13:02:02.783,0.16042,0.16076,0.18,0.22
2015.06.05 13:02:03.764,0.16045,0.16077,0.19,0.05
2015.06.05 13:02:04.335,0.16046,0.16079,0.02,0.02
2015.06.05 13:02:04.995,0.16047,0.16079,0.21,0.19
2015.06.05 13:02:05.777,0.16046,0.16078,0.17,0.18
2015.06.05 13:02:05.949,0.16044,0.16078,0.16,0.17
2015.06.05 13:02:06.659,0.16043,0.16075,0.20,0.24
2015.06.05 13:02:07.052,0.16041,0.16075,0.06,0.17
2015.06.05 13:02:08.504,0.1604,0.16074,0.21,0.12
2015.06.05 13:02:10.161,0.16041,0.16072,0.02,0.02
2015.06.05 13:02:14.152,0.16042,0.16074,0.19,0.05
2015.06.05 13:02:14.271,0.16042,0.16076,0.18,0.11
2015.06.05 13:02:14.474,0.16043,0.16074,0.02,0.02
2015.06.05 13:02:14.574,0.16039,0.16073,0.15,0.25
2015.06.05 13:02:14.874,0.16041,0.16073,0.13,0.21
2015.06.05 13:02:15.175,0.16038,0.1607,0.18,0.12
2015.06.05 13:02:18.390,0.1604,0.16074,0.16,0.23
2015.06.05 13:02:18.491,0.16042,0.16074,0.02,0.12
2015.06.05 13:02:18.591,0.16039,0.16073,0.02,0.02
2015.06.05 13:02:19.800,0.1604,0.16072,0.20,0.11
2015.06.05 13:02:19.900,0.16037,0.16071,0.22,0.07
2015.06.05 13:02:20.416,0.16038,0.16072,0.20,0.17
2015.06.05 13:02:20.802,0.1604,0.16074,0.24,0.19
2015.06.05 13:02:22.217,0.16041,0.16073,0.11,0.18
2015.06.05 13:02:22.555,0.16039,0.16071,0.18,0.20
2015.06.05 13:02:22.605,0.16039,0.16073,0.16,0.20
2015.06.05 13:02:23.441,0.16039,0.16071,0.16,0.21
2015.06.05 13:02:23.542,0.16035,0.16069,0.22,0.16
2015.06.05 13:02:23.743,0.16034,0.16066,0.24,0.08
2015.06.05 13:02:24.932,0.16034,0.16067,0.02,0.24
2015.06.05 13:02:25.589,0.16033,0.16067,0.09,0.24
2015.06.05 13:02:30.160,0.16035,0.16067,0.14,0.21
2015.06.05 13:02:30.964,0.16034,0.16066,0.20,0.17
2015.06.05 13:02:32.456,0.16036,0.16068,0.17,0.15
2015.06.05 13:02:32.971,0.16034,0.16067,0.02,0.02
2015.06.05 13:02:33.664,0.16034,0.16066,0.20,0.25
2015.06.05 13:02:35.146,0.16031,0.16065,0.17,0.05
2015.06.05 13:02:35.924,0.16032,0.16066,0.17,0.21
2015.06.05 13:02:37.189,0.16031,0.16063,0.19,0.14
2015.06.05 13:02:37.670,0.16029,0.16063,0.18,0.24
2015.06.05 13:02:38.203,0.1603,0.16062,0.20,0.07
2015.06.05 13:02:38.254,0.16028,0.16062,0.19,0.12
2015.06.05 13:02:41.540,0.16033,0.16065,0.18,0.19
2015.06.05 13:02:41.963,0.1603,0.16064,0.18,0.15
2015.06.05 13:02:42.588,0.16031,0.16065,0.18,0.17
2015.06.05 13:02:44.714,0.1603,0.16063,0.02,0.01
2015.06.05 13:02:45.086,0.16029,0.16061,0.11,0.21
2015.06.05 13:02:49.284,0.16027,0.16061,0.10,0.13
2015.06.05 13:02:49.385,0.16022,0.16056,0.21,0.13
2015.06.05 13:02:49.891,0.16027,0.16058,0.04,0.01
2015.06.05 13:02:50.446,0.16024,0.16058,0.11,0.19
2015.06.05 13:02:52.400,0.16027,0.16061,0.20,0.07
2015.06.05 13:02:54.241,0.16032,0.16066,0.20,0.15
2015.06.05 13:02:54.808,0.16031,0.16065,0.19,0.08
2015.06.05 13:02:55.460,0.16032,0.16066,0.21,0.11
2015.06.05 13:02:55.811,0.16031,0.16063,0.04,0.21
2015.06.05 13:02:56.135,0.16033,0.16067,0.05,0.23
2015.06.05 13:02:58.866,0.16031,0.16065,0.17,0.19
2015.06.05 13:02:59.455,0.16031,0.16063,0.23,0.18
2015.06.05 13:03:00.277,0.16031,0.16065,0.05,0.23
2015.06.05 13:03:01.570,0.1603,0.16064,0.08,0.21
2015.06.05 13:03:02.505,0.16031,0.16063,0.02,0.18
2015.06.05 13:03:02.556,0.16031,0.16065,0.24,0.18
2015.06.05 13:03:02.764,0.16033,0.16065,0.22,0.20
2015.06.05 13:03:04.492,0.16034,0.16066,0.02,0.21
2015.06.05 13:03:04.603,0.16035,0.16069,0.18,0.25
2015.06.05 13:03:05.317,0.16037,0.16069,0.15,0.21
2015.06.05 13:03:05.994,0.16036,0.16068,0.02,0.12
2015.06.05 13:03:06.749,0.16036,0.16067,0.02,0.12
2015.06.05 13:03:06.950,0.16033,0.16067,0.27,0.18
2015.06.05 13:03:08.025,0.16033,0.16065,0.19,0.12
2015.06.05 13:03:08.591,0.16034,0.16066,0.17,0.19
2015.06.05 13:03:09.026,0.16032,0.16066,0.15,0.10
2015.06.05 13:03:10.393,0.16034,0.16066,0.19,0.13
2015.06.05 13:03:12.576,0.16032,0.16066,0.18,0.09
2015.06.05 13:03:14.664,0.16034,0.16067,0.02,0.12
2015.06.05 13:03:15.139,0.16036,0.16068,0.18,0.08
2015.06.05 13:03:15.849,0.16037,0.16069,0.14,0.20
2015.06.05 13:03:19.803,0.16037,0.16068,0.14,0.01
2015.06.05 13:03:20.349,0.16035,0.16066,0.02,0.19
2015.06.05 13:03:20.400,0.16032,0.16066,0.16,0.19
2015.06.05 13:03:20.685,0.16035,0.16065,0.02,0.02
2015.06.05 13:03:20.963,0.16037,0.16069,0.12,0.02
2015.06.05 13:03:21.522,0.16037,0.16071,0.20,0.07
2015.06.05 13:03:21.575,0.16039,0.16073,0.20,0.15
2015.06.05 13:03:22.215,0.16042,0.16076,0.20,0.14
2015.06.05 13:03:23.609,0.16042,0.16074,0.22,0.06
2015.06.05 13:03:23.660,0.16037,0.16071,0.21,0.16
2015.06.05 13:03:23.711,0.16039,0.1607,0.02,0.02
2015.06.05 13:03:23.772,0.16037,0.1607,0.04,0.02
2015.06.05 13:03:26.550,0.16038,0.1607,0.16,0.17
2015.06.05 13:03:26.602,0.16036,0.1607,0.24,0.06
2015.06.05 13:03:28.475,0.16038,0.1607,0.18,0.15
2015.06.05 13:03:28.939,0.16039,0.16073,0.06,0.21
2015.06.05 13:03:29.736,0.16043,0.16075,0.09,0.19
2015.06.05 13:03:30.101,0.16041,0.16075,0.12,0.17
2015.06.05 13:03:30.502,0.16043,0.16075,0.14,0.24
2015.06.05 13:03:32.007,0.16041,0.16075,0.15,0.22
2015.06.05 13:03:33.110,0.16042,0.16076,0.16,0.23
2015.06.05 13:03:33.612,0.16043,0.16075,0.02,0.21
2015.06.05 13:03:35.433,0.16043,0.16074,0.02,0.02
2015.06.05 13:03:37.123,0.16042,0.16076,0.20,0.16
2015.06.05 13:03:38.161,0.16045,0.16077,0.23,0.12
2015.06.05 13:03:38.529,0.16045,0.16079,0.19,0.12
2015.06.05 13:03:39.830,0.16044,0.16076,0.02,0.19
2015.06.05 13:03:41.452,0.16042,0.16076,0.20,0.19
2015.06.05 13:03:41.737,0.16042,0.16074,0.15,0.19
2015.06.05 13:03:42.296,0.16043,0.16075,0.22,0.19
2015.06.05 13:03:43.136,0.16046,0.1608,0.20,0.24
2015.06.05 13:03:43.187,0.16045,0.16077,0.20,0.07
2015.06.05 13:03:43.288,0.16042,0.16076,0.17,0.08
2015.06.05 13:03:43.891,0.16043,0.16075,0.07,0.25
2015.06.05 13:03:44.345,0.16044,0.16078,0.21,0.23
2015.06.05 13:03:44.547,0.16043,0.16076,0.02,0.02
2015.06.05 13:03:44.984,0.16044,0.16078,0.02,0.13
2015.06.05 13:03:45.485,0.16045,0.16077,0.02,0.19
2015.06.05 13:03:45.986,0.16042,0.16076,0.22,0.05
2015.06.05 13:03:46.253,0.16045,0.16077,0.22,0.20
2015.06.05 13:03:46.454,0.16045,0.16079,0.17,0.21
2015.06.05 13:03:48.192,0.16044,0.16076,0.21,0.20
2015.06.05 13:03:48.610,0.16043,0.16074,0.02,0.02
2015.06.05 13:03:52.011,0.16041,0.16075,0.08,0.21
2015.06.05 13:03:52.112,0.16039,0.16071,0.07,0.17
2015.06.05 13:03:52.698,0.16038,0.1607,0.05,0.16
2015.06.05 13:03:53.028,0.1604,0.16072,0.19,0.09
2015.06.05 13:03:53.911,0.16037,0.16071,0.23,0.07
2015.06.05 13:03:54.277,0.16039,0.16073,0.24,0.17
2015.06.05 13:03:54.633,0.16038,0.1607,0.08,0.19
2015.06.05 13:03:55.245,0.16037,0.16071,0.07,0.19
2015.06.05 13:03:55.837,0.16036,0.1607,0.20,0.15
2015.06.05 13:03:57.613,0.16038,0.1607,0.22,0.13
2015.06.05 13:03:57.788,0.16036,0.1607,0.16,0.19
2015.06.05 13:03:58.526,0.16038,0.1607,0.22,0.21
2015.06.05 13:03:59.336,0.16036,0.1607,0.16,0.25
2015.06.05 13:04:00.897,0.16036,0.16068,0.17,0.06
2015.06.05 13:04:01.423,0.16035,0.16067,0.13,0.15
2015.06.05 13:04:01.944,0.16036,0.16068,0.21,0.19
2015.06.05 13:04:02.095,0.16034,0.16068,0.20,0.19
2015.06.05 13:04:02.145,0.16034,0.16066,0.17,0.19
2015.06.05 13:04:02.200,0.16034,0.16068,0.23,0.19
2015.06.05 13:04:02.623,0.16034,0.16066,0.08,0.17
2015.06.05 13:04:03.116,0.1603,0.16063,0.02,0.08
2015.06.05 13:04:03.752,0.1603,0.16064,0.17,0.08
2015.06.05 13:04:04.476,0.16031,0.16065,0.19,0.04
2015.06.05 13:04:05.008,0.16033,0.16065,0.16,0.15
2015.06.05 13:04:05.774,0.16031,0.16063,0.19,0.21
2015.06.05 13:04:07.649,0.16029,0.16061,0.21,0.19
2015.06.05 13:04:07.818,0.16029,0.16063,0.11,0.23
2015.06.05 13:04:08.118,0.16029,0.16061,0.02,0.02
2015.06.05 13:04:08.238,0.16028,0.16061,0.02,0.15
2015.06.05 13:04:08.952,0.16027,0.16061,0.20,0.15
2015.06.05 13:04:10.145,0.16028,0.16062,0.19,0.22
2015.06.05 13:04:10.325,0.16028,0.1606,0.02,0.20
2015.06.05 13:04:13.053,0.16027,0.16059,0.17,0.09
2015.06.05 13:04:13.158,0.16022,0.16056,0.21,0.06
2015.06.05 13:04:13.669,0.16024,0.16056,0.18,0.23
2015.06.05 13:04:14.179,0.16025,0.16057,0.18,0.19
2015.06.05 13:04:14.463,0.16025,0.16059,0.22,0.05
2015.06.05 13:04:14.564,0.1603,0.16061,0.02,0.02
2015.06.05 13:04:15.241,0.16028,0.16062,0.17,0.21
2015.06.05 13:04:15.341,0.16028,0.1606,0.19,0.16
2015.06.05 13:04:16.688,0.16027,0.16059,0.02,0.20
2015.06.05 13:04:17.156,0.16025,0.16059,0.09,0.19
2015.06.05 13:04:17.362,0.16023,0.16057,0.14,0.16
2015.06.05 13:04:19.182,0.16022,0.16054,0.08,0.17
2015.06.05 13:04:19.462,0.16023,0.16057,0.02,0.18
2015.06.05 13:04:22.460,0.16025,0.16058,0.02,0.02
2015.06.05 13:04:22.786,0.16027,0.16061,0.21,0.23
2015.06.05 13:04:27.275,0.16026,0.1606,0.16,0.05
2015.06.05 13:04:28.420,0.16027,0.16061,0.21,0.14
2015.06.05 13:04:35.602,0.1603,0.16064,0.23,0.18
2015.06.05 13:04:36.001,0.16029,0.16061,0.18,0.15
2015.06.05 13:04:36.352,0.16031,0.16063,0.02,0.19
2015.06.05 13:04:37.137,0.16029,0.16061,0.15,0.23
2015.06.05 13:04:38.052,0.16027,0.16061,0.19,0.19
2015.06.05 13:04:38.806,0.16029,0.16061,0.06,0.21
2015.06.05 13:04:40.330,0.16027,0.16061,0.18,0.19
2015.06.05 13:04:41.127,0.16027,0.16059,0.02,0.25
2015.06.05 13:04:42.289,0.16027,0.16061,0.02,0.17
2015.06.05 13:04:45.391,0.16028,0.16061,0.02,0.17
2015.06.05 13:04:45.442,0.16031,0.16063,0.16,0.17
2015.06.05 13:04:45.974,0.1603,0.16064,0.02,0.20
2015.06.05 13:04:47.237,0.16031,0.16065,0.19,0.20
2015.06.05 13:04:47.573,0.1603,0.16063,0.02,0.02
2015.06.05 13:04:48.831,0.1603,0.16064,0.23,0.06
2015.06.05 13:04:49.451,0.16032,0.16065,0.02,0.02
2015.06.05 13:04:53.254,0.16031,0.16065,0.13,0.20
2015.06.05 13:04:53.584,0.16029,0.1606,0.02,0.14
2015.06.05 13:04:54.122,0.16028,0.1606,0.17,0.14
2015.06.05 13:04:54.373,0.16028,0.16062,0.16,0.20
2015.06.05 13:04:54.473,0.16031,0.16063,0.21,0.10
2015.06.05 13:04:55.062,0.16031,0.16062,0.02,0.02
2015.06.05 13:04:56.277,0.16029,0.16063,0.16,0.20
2015.06.05 13:04:56.828,0.16029,0.16062,0.02,0.22
2015.06.05 13:04:57.380,0.16029,0.16061,0.21,0.17
2015.06.05 13:04:57.602,0.16029,0.16063,0.22,0.16
2015.06.05 13:04:58.684,0.16031,0.16063,0.23,0.09
2015.06.05 13:04:59.285,0.16032,0.16064,0.16,0.21
2015.06.05 13:04:59.933,0.16032,0.16066,0.21,0.17
2015.06.05 13:05:00.195,0.16029,0.16063,0.17,0.12
2015.06.05 13:05:00.538,0.16028,0.1606,0.12,0.20
2015.06.05 13:05:01.315,0.16029,0.16061,0.17,0.18
2015.06.05 13:05:02.595,0.16028,0.1606,0.21,0.17
2015.06.05 13:05:05.903,0.16027,0.16059,0.02,0.02
2015.06.05 13:05:06.438,0.16026,0.1606,0.02,0.18
2015.06.05 13:05:06.488,0.16025,0.16055,0.02,0.01
2015.06.05 13:05:06.539,0.16019,0.16051,0.22,0.21
2015.06.05 13:05:06.740,0.16026,0.16059,0.05,0.01
2015.06.05 13:05:06.906,0.16024,0.16058,0.02,0.20
2015.06.05 13:05:07.815,0.16025,0.16059,0.21,0.05
2015.06.05 13:05:08.211,0.16027,0.16059,0.17,0.23
2015.06.05 13:05:11.716,0.16029,0.16061,0.05,0.18
2015.06.05 13:05:12.082,0.16028,0.16059,0.02,0.02
2015.06.05 13:05:15.433,0.16027,0.16059,0.14,0.20
2015.06.05 13:05:15.634,0.16025,0.16059,0.24,0.19
2015.06.05 13:05:15.945,0.16023,0.16057,0.02,0.18
2015.06.05 13:05:18.433,0.16022,0.16054,0.02,0.05
2015.06.05 13:05:19.157,0.16023,0.16057,0.17,0.20
2015.06.05 13:05:19.549,0.16023,0.16055,0.20,0.15
2015.06.05 13:05:19.649,0.16021,0.16055,0.16,0.19
2015.06.05 13:05:21.040,0.16021,0.16054,0.02,0.02
2015.06.05 13:05:21.750,0.16022,0.16054,0.25,0.12
2015.06.05 13:05:22.566,0.16024,0.16055,0.02,0.02
2015.06.05 13:05:22.617,0.16022,0.16054,0.21,0.09
2015.06.05 13:05:24.571,0.16023,0.16057,0.06,0.24
2015.06.05 13:05:24.748,0.16021,0.16055,0.19,0.19
2015.06.05 13:05:27.279,0.16021,0.16054,0.02,0.02
2015.06.05 13:05:28.487,0.16022,0.16054,0.19,0.22
2015.06.05 13:05:31.303,0.16024,0.16056,0.19,0.20
2015.06.05 13:05:32.889,0.16021,0.16055,0.16,0.23
2015.06.05 13:05:32.971,0.16024,0.16056,0.16,0.19
2015.06.05 13:05:34.076,0.16028,0.1606,0.10,0.22
2015.06.05 13:05:34.878,0.16027,0.16059,0.13,0.21
2015.06.05 13:05:35.559,0.16028,0.1606,0.22,0.07
2015.06.05 13:05:41.019,0.16028,0.16062,0.18,0.15
2015.06.05 13:05:42.098,0.16028,0.1606,0.21,0.07
2015.06.05 13:05:45.633,0.16026,0.1606,0.25,0.12
2015.06.05 13:05:46.407,0.16028,0.16062,0.16,0.17
2015.06.05 13:05:51.870,0.16029,0.16062,0.03,0.17
2015.06.05 13:05:52.221,0.16032,0.16064,0.19,0.17
2015.06.05 13:05:53.154,0.16033,0.16065,0.20,0.10
2015.06.05 13:05:55.275,0.16035,0.16065,0.02,0.10
2015.06.05 13:05:55.329,0.16038,0.1607,0.17,0.12
2015.06.05 13:05:59.582,0.16035,0.16069,0.20,0.21
2015.06.05 13:06:00.967,0.16037,0.16069,0.19,0.19
2015.06.05 13:06:01.563,0.16038,0.1607,0.25,0.25
2015.06.05 13:06:06.145,0.16037,0.16071,0.08,0.21
2015.06.05 13:06:06.891,0.16035,0.16069,0.23,0.08
2015.06.05 13:06:07.216,0.16037,0.16071,0.19,0.16
2015.06.05 13:06:08.129,0.16036,0.1607,0.16,0.08
2015.06.05 13:06:08.716,0.16035,0.16069,0.21,0.10
2015.06.05 13:06:09.136,0.16038,0.1607,0.16,0.19
2015.06.05 13:06:09.798,0.16036,0.1607,0.20,0.08
2015.06.05 13:06:09.899,0.16035,0.16068,0.02,0.20
2015.06.05 13:06:10.400,0.16036,0.16068,0.15,0.16
2015.06.05 13:06:11.191,0.16034,0.16068,0.25,0.16
2015.06.05 13:06:11.342,0.16036,0.16068,0.19,0.17
2015.06.05 13:06:11.953,0.16035,0.16067,0.17,0.21
2015.06.05 13:06:12.187,0.16035,0.16069,0.22,0.23
2015.06.05 13:06:12.781,0.16036,0.1607,0.18,0.18
2015.06.05 13:06:13.294,0.16036,0.16068,0.18,0.23
2015.06.05 13:06:13.720,0.16037,0.16071,0.21,0.18
2015.06.05 13:06:18.749,0.16036,0.1607,0.17,0.16
2015.06.05 13:06:19.250,0.16037,0.16071,0.19,0.18
2015.06.05 13:06:20.268,0.16037,0.16069,0.23,0.16
2015.06.05 13:06:20.318,0.16035,0.16069,0.04,0.10
2015.06.05 13:06:20.981,0.16034,0.16068,0.23,0.10
2015.06.05 13:06:21.280,0.16031,0.16065,0.21,0.19
2015.06.05 13:06:21.765,0.16033,0.16065,0.21,0.19
2015.06.05 13:06:22.887,0.16033,0.16067,0.02,0.21
2015.06.05 13:06:22.937,0.16035,0.16067,0.02,0.21
2015.06.05 13:06:23.175,0.16036,0.16069,0.02,0.18
2015.06.05 13:06:23.490,0.16036,0.16066,0.02,0.20
2015.06.05 13:06:24.044,0.16036,0.16067,0.02,0.16
2015.06.05 13:06:25.957,0.16036,0.16068,0.02,0.22
2015.06.05 13:06:26.910,0.16034,0.16068,0.07,0.22
2015.06.05 13:06:27.432,0.16032,0.16066,0.21,0.11
2015.06.05 13:06:27.793,0.16033,0.16064,0.02,0.02
2015.06.05 13:06:30.105,0.16033,0.16065,0.19,0.06
2015.06.05 13:06:31.408,0.16032,0.16066,0.06,0.14
2015.06.05 13:06:31.983,0.16032,0.16064,0.19,0.24
2015.06.05 13:06:32.533,0.16031,0.16063,0.08,0.25
2015.06.05 13:06:32.917,0.16029,0.16063,0.19,0.08
2015.06.05 13:06:33.518,0.16028,0.16062,0.17,0.09
2015.06.05 13:06:33.888,0.16028,0.1606,0.02,0.14
2015.06.05 13:06:34.120,0.16026,0.1606,0.20,0.06
2015.06.05 13:06:34.622,0.16028,0.16062,0.18,0.20
2015.06.05 13:06:35.223,0.16029,0.16063,0.06,0.15
2015.06.05 13:06:36.057,0.16032,0.16064,0.23,0.12
2015.06.05 13:06:37.331,0.1603,0.16062,0.02,0.02
2015.06.05 13:06:37.580,0.16027,0.16061,0.16,0.17
2015.06.05 13:06:38.284,0.16026,0.1606,0.22,0.10
2015.06.05 13:06:38.998,0.16025,0.16059,0.16,0.15
2015.06.05 13:06:39.539,0.16028,0.1606,0.19,0.09
2015.06.05 13:06:39.601,0.16025,0.16059,0.10,0.22
2015.06.05 13:06:41.345,0.16026,0.1606,0.20,0.18
2015.06.05 13:06:41.446,0.16028,0.16062,0.07,0.21
2015.06.05 13:06:43.560,0.16026,0.1606,0.18,0.22
2015.06.05 13:06:44.064,0.16026,0.16058,0.20,0.21
2015.06.05 13:06:45.369,0.16026,0.1606,0.24,0.18
2015.06.05 13:06:45.524,0.16026,0.16058,0.22,0.20
2015.06.05 13:06:45.934,0.16026,0.1606,0.21,0.10
2015.06.05 13:06:46.427,0.16026,0.16058,0.20,0.07
2015.06.05 13:06:47.064,0.16027,0.16059,0.19,0.16
2015.06.05 13:06:47.630,0.16027,0.1606,0.02,0.02
2015.06.05 13:06:48.179,0.16026,0.16057,0.02,0.02
2015.06.05 13:06:48.682,0.16026,0.16056,0.02,0.04
2015.06.05 13:06:48.883,0.16027,0.16058,0.02,0.02
2015.06.05 13:06:49.373,0.16022,0.16056,0.21,0.06
2015.06.05 13:06:50.950,0.16021,0.16055,0.19,0.18
2015.06.05 13:06:51.038,0.16023,0.16055,0.06,0.18
2015.06.05 13:06:51.927,0.16022,0.16054,0.10,0.23
2015.06.05 13:06:52.446,0.16021,0.16055,0.16,0.14
2015.06.05 13:06:52.860,0.16024,0.16056,0.18,0.23
2015.06.05 13:06:53.042,0.16024,0.16058,0.21,0.06
2015.06.05 13:06:53.444,0.16026,0.1606,0.19,0.21
2015.06.05 13:06:53.745,0.16026,0.16058,0.22,0.10
2015.06.05 13:06:54.546,0.16027,0.16059,0.17,0.15
2015.06.05 13:06:55.048,0.16025,0.16059,0.24,0.14
2015.06.05 13:06:55.695,0.16026,0.1606,0.09,0.14
2015.06.05 13:06:56.256,0.16028,0.16061,0.02,0.02
2015.06.05 13:06:56.559,0.16027,0.16059,0.10,0.24
2015.06.05 13:06:56.771,0.16028,0.16062,0.23,0.21
2015.06.05 13:06:58.567,0.16031,0.16063,0.20,0.14
2015.06.05 13:06:58.755,0.16028,0.16062,0.17,0.08
2015.06.05 13:06:59.409,0.16028,0.16061,0.02,0.02
2015.06.05 13:07:00.972,0.16027,0.16061,0.07,0.24
2015.06.05 13:07:01.774,0.16026,0.1606,0.24,0.19
2015.06.05 13:07:01.824,0.16026,0.16058,0.24,0.01
2015.06.05 13:07:02.173,0.16024,0.16056,0.13,0.23
2015.06.05 13:07:02.976,0.16025,0.16057,0.14,0.16
2015.06.05 13:07:03.276,0.16026,0.1606,0.02,0.24
2015.06.05 13:07:03.699,0.16026,0.16058,0.16,0.21
2015.06.05 13:07:05.382,0.16027,0.16059,0.04,0.24
2015.06.05 13:07:05.941,0.16026,0.1606,0.18,0.04
2015.06.05 13:07:06.602,0.16025,0.16059,0.02,0.23
2015.06.05 13:07:07.015,0.16025,0.16057,0.02,0.21
2015.06.05 13:07:07.189,0.16023,0.16057,0.18,0.21
2015.06.05 13:07:11.635,0.16024,0.16058,0.16,0.22
2015.06.05 13:07:11.837,0.16026,0.1606,0.12,0.21
2015.06.05 13:07:12.593,0.16027,0.16061,0.02,0.22
2015.06.05 13:07:13.423,0.16028,0.16062,0.10,0.21
2015.06.05 13:07:14.826,0.16026,0.1606,0.14,0.14
2015.06.05 13:07:15.127,0.16028,0.1606,0.23,0.15
2015.06.05 13:07:16.087,0.16029,0.16061,0.02,0.21
2015.06.05 13:07:18.343,0.16028,0.1606,0.22,0.21
2015.06.05 13:07:19.045,0.16029,0.16061,0.16,0.18
2015.06.05 13:07:21.052,0.16029,0.16063,0.19,0.21
2015.06.05 13:07:21.152,0.16032,0.16064,0.17,0.10
2015.06.05 13:07:21.453,0.16034,0.16065,0.02,0.02
2015.06.05 13:07:22.969,0.16034,0.16066,0.17,0.12
2015.06.05 13:07:23.342,0.16036,0.16066,0.02,0.17
2015.06.05 13:07:23.974,0.16036,0.16066,0.02,0.19
2015.06.05 13:07:24.880,0.16032,0.16066,0.21,0.20
2015.06.05 13:07:25.895,0.16033,0.16067,0.05,0.17
2015.06.05 13:07:26.624,0.16032,0.16066,0.14,0.18
2015.06.05 13:07:27.245,0.16034,0.16066,0.07,0.20
2015.06.05 13:07:28.952,0.16032,0.16066,0.19,0.23
2015.06.05 13:07:29.762,0.16033,0.16067,0.08,0.22
2015.06.05 13:07:30.422,0.16032,0.16066,0.14,0.19
2015.06.05 13:07:32.876,0.16033,0.16067,0.08,0.22
2015.06.05 13:07:33.880,0.16036,0.16068,0.10,0.20
2015.06.05 13:07:34.291,0.16032,0.16066,0.24,0.11
2015.06.05 13:07:38.299,0.16033,0.16067,0.18,0.19
2015.06.05 13:07:38.498,0.16035,0.16069,0.19,0.16
2015.06.05 13:07:38.881,0.16033,0.16067,0.02,0.07
2015.06.05 13:07:39.977,0.16034,0.16067,0.02,0.07
2015.06.05 13:07:40.027,0.16035,0.16069,0.02,0.19
2015.06.05 13:07:41.163,0.16034,0.16066,0.02,0.18
2015.06.05 13:07:42.083,0.16032,0.16066,0.08,0.18
2015.06.05 13:07:44.736,0.16033,0.16067,0.19,0.18
2015.06.05 13:07:45.899,0.16034,0.16067,0.02,0.18
2015.06.05 13:07:45.949,0.16036,0.16068,0.22,0.07
2015.06.05 13:07:46.050,0.16036,0.1607,0.05,0.25
2015.06.05 13:07:46.783,0.16038,0.1607,0.19,0.24
2015.06.05 13:07:47.292,0.16037,0.16069,0.14,0.19
2015.06.05 13:07:47.867,0.16036,0.16068,0.22,0.22
2015.06.05 13:07:50.569,0.16034,0.16068,0.23,0.06
2015.06.05 13:07:50.670,0.16034,0.16066,0.17,0.21
2015.06.05 13:07:51.586,0.16034,0.16067,0.02,0.16
2015.06.05 13:07:53.561,0.16033,0.16067,0.19,0.16
2015.06.05 13:07:54.415,0.16035,0.16067,0.02,0.16
2015.06.05 13:07:54.516,0.16035,0.16069,0.20,0.23
2015.06.05 13:07:56.221,0.16037,0.16069,0.02,0.14
2015.06.05 13:07:56.691,0.16035,0.16069,0.24,0.20
2015.06.05 13:07:57.171,0.16034,0.16066,0.02,0.16
2015.06.05 13:07:57.225,0.16032,0.16066,0.16,0.16
2015.06.05 13:07:59.462,0.16034,0.16066,0.20,0.18
2015.06.05 13:07:59.768,0.16035,0.16069,0.22,0.20
2015.06.05 13:08:00.338,0.16034,0.16068,0.21,0.18
2015.06.05 13:08:00.388,0.16033,0.16065,0.17,0.22
2015.06.05 13:08:01.392,0.16036,0.1607,0.14,0.18
2015.06.05 13:08:01.989,0.16037,0.16071,0.23,0.08
2015.06.05 13:08:03.893,0.16034,0.16065,0.02,0.02
2015.06.05 13:08:04.012,0.16033,0.16067,0.02,0.21
2015.06.05 13:08:04.414,0.16037,0.16069,0.18,0.16
2015.06.05 13:08:04.514,0.16037,0.16071,0.20,0.10
2015.06.05 13:08:05.627,0.16038,0.16069,0.02,0.02
2015.06.05 13:08:06.279,0.16038,0.1607,0.19,0.20
2015.06.05 13:08:09.437,0.16035,0.16067,0.20,0.11
2015.06.05 13:08:10.034,0.16036,0.16068,0.17,0.18
2015.06.05 13:08:10.337,0.16038,0.1607,0.22,0.20
2015.06.05 13:08:10.546,0.16034,0.16068,0.02,0.12
2015.06.05 13:08:10.612,0.16034,0.16066,0.14,0.16
2015.06.05 13:08:12.719,0.16038,0.1607,0.22,0.08
2015.06.05 13:08:15.237,0.16037,0.16071,0.02,0.22
2015.06.05 13:08:16.581,0.16033,0.16067,0.21,0.18
2015.06.05 13:08:17.082,0.16034,0.16068,0.09,0.16
2015.06.05 13:08:17.678,0.16039,0.16071,0.06,0.20
2015.06.05 13:08:18.771,0.16037,0.16071,0.12,0.18
2015.06.05 13:08:18.880,0.16037,0.16068,0.02,0.02
2015.06.05 13:08:19.035,0.16035,0.16069,0.23,0.05
2015.06.05 13:08:19.236,0.16038,0.1607,0.20,0.17
2015.06.05 13:08:20.142,0.16039,0.16071,0.17,0.23
2015.06.05 13:08:20.242,0.1604,0.16074,0.21,0.09
2015.06.05 13:08:20.443,0.16039,0.16071,0.21,0.21
2015.06.05 13:08:20.991,0.16038,0.16071,0.02,0.18
2015.06.05 13:08:21.497,0.16038,0.16072,0.23,0.18
2015.06.05 13:08:23.166,0.16039,0.16073,0.19,0.14
2015.06.05 13:08:23.571,0.16043,0.16075,0.16,0.20
2015.06.05 13:08:25.296,0.16041,0.16075,0.06,0.22
2015.06.05 13:08:25.518,0.16043,0.16075,0.15,0.20
2015.06.05 13:08:26.055,0.16042,0.16074,0.18,0.05
2015.06.05 13:08:29.669,0.1604,0.16074,0.19,0.11
2015.06.05 13:08:29.945,0.16042,0.16074,0.22,0.08
2015.06.05 13:08:30.197,0.16039,0.16073,0.18,0.14
2015.06.05 13:08:30.526,0.16041,0.16075,0.13,0.17
2015.06.05 13:08:31.129,0.16041,0.16073,0.21,0.24
2015.06.05 13:08:33.115,0.16042,0.16074,0.12,0.14
2015.06.05 13:08:33.747,0.16043,0.16075,0.20,0.23
2015.06.05 13:08:33.910,0.16038,0.16072,0.20,0.17
2015.06.05 13:08:34.088,0.16038,0.1607,0.22,0.17
2015.06.05 13:08:34.139,0.16038,0.16072,0.22,0.17
2015.06.05 13:08:34.341,0.1604,0.16071,0.02,0.02
2015.06.05 13:08:36.438,0.1604,0.16072,0.22,0.12
2015.06.05 13:08:36.550,0.1604,0.16074,0.19,0.09
2015.06.05 13:08:36.651,0.16039,0.1607,0.02,0.18
2015.06.05 13:08:37.837,0.16039,0.16069,0.02,0.02
2015.06.05 13:08:38.175,0.16036,0.16069,0.02,0.02
2015.06.05 13:08:38.905,0.16037,0.16069,0.18,0.19
2015.06.05 13:08:39.333,0.16037,0.16071,0.19,0.19
2015.06.05 13:08:39.942,0.16038,0.16072,0.22,0.12
2015.06.05 13:08:40.475,0.16038,0.1607,0.02,0.08
2015.06.05 13:08:40.977,0.1604,0.16074,0.23,0.21
2015.06.05 13:08:44.072,0.16039,0.16073,0.20,0.20
2015.06.05 13:08:44.788,0.16038,0.16072,0.18,0.13
2015.06.05 13:08:45.512,0.16039,0.16071,0.17,0.16
2015.06.05 13:08:47.313,0.16039,0.16073,0.07,0.22
2015.06.05 13:08:47.847,0.16038,0.16072,0.22,0.13
2015.06.05 13:08:50.013,0.16039,0.16073,0.10,0.23
2015.06.05 13:08:50.114,0.16039,0.16071,0.16,0.12
2015.06.05 13:08:50.214,0.16037,0.16071,0.19,0.14
2015.06.05 13:08:52.822,0.16038,0.16072,0.18,0.15
2015.06.05 13:08:53.141,0.16038,0.1607,0.18,0.14
2015.06.05 13:08:53.701,0.16038,0.16069,0.02,0.02
2015.06.05 13:09:03.648,0.16036,0.16069,0.02,0.02
2015.06.05 13:09:03.724,0.16033,0.16067,0.23,0.08
2015.06.05 13:09:05.123,0.16033,0.16065,0.19,0.15
2015.06.05 13:09:05.173,0.16033,0.16067,0.20,0.16
2015.06.05 13:09:05.629,0.16032,0.16064,0.11,0.21
2015.06.05 13:09:06.332,0.16032,0.16066,0.20,0.19
2015.06.05 13:09:06.731,0.16032,0.16064,0.20,0.18
2015.06.05 13:09:06.932,0.16032,0.16066,0.08,0.19
2015.06.05 13:09:07.661,0.16033,0.16065,0.02,0.22
2015.06.05 13:09:08.444,0.16032,0.16064,0.19,0.18
2015.06.05 13:09:09.239,0.16031,0.16063,0.26,0.16
2015.06.05 13:09:09.966,0.16031,0.16062,0.02,0.02
2015.06.05 13:09:10.576,0.1603,0.16062,0.19,0.07
2015.06.05 13:09:10.848,0.16028,0.16062,0.18,0.14
2015.06.05 13:09:11.948,0.16029,0.16063,0.02,0.02
2015.06.05 13:09:12.462,0.1603,0.16062,0.02,0.02
2015.06.05 13:09:13.451,0.16028,0.16062,0.11,0.23
2015.06.05 13:09:14.285,0.16031,0.16065,0.19,0.20
2015.06.05 13:09:14.655,0.1603,0.16063,0.02,0.13
2015.06.05 13:09:15.760,0.1603,0.16061,0.02,0.05
2015.06.05 13:09:16.216,0.16027,0.16061,0.02,0.05
2015.06.05 13:09:16.852,0.16028,0.16062,0.21,0.16
2015.06.05 13:09:17.421,0.16028,0.1606,0.16,0.08
2015.06.05 13:09:17.975,0.16028,0.16062,0.17,0.17
2015.06.05 13:09:20.319,0.16034,0.16066,0.16,0.14
2015.06.05 13:09:21.126,0.16032,0.16066,0.21,0.05
2015.06.05 13:09:22.308,0.16033,0.16064,0.02,0.04
2015.06.05 13:09:22.417,0.16029,0.16061,0.02,0.16
2015.06.05 13:09:23.888,0.16029,0.16063,0.15,0.26
2015.06.05 13:09:23.989,0.16031,0.16063,0.19,0.11
2015.06.05 13:09:24.587,0.16031,0.16065,0.15,0.24
2015.06.05 13:09:25.392,0.16031,0.16064,0.02,0.16
2015.06.05 13:09:25.492,0.16031,0.16061,0.02,0.18
2015.06.05 13:09:25.800,0.16031,0.16063,0.02,0.01
2015.06.05 13:09:26.364,0.16031,0.16064,0.02,0.19
2015.06.05 13:09:26.596,0.16029,0.16063,0.07,0.19
2015.06.05 13:09:28.030,0.1603,0.16063,0.02,0.02
2015.06.05 13:09:28.240,0.16033,0.16064,0.25,0.02
2015.06.05 13:09:28.875,0.16033,0.16065,0.25,0.20
2015.06.05 13:09:32.512,0.16033,0.16067,0.21,0.05
2015.06.05 13:09:35.556,0.16037,0.16071,0.16,0.21
2015.06.05 13:09:37.091,0.1604,0.16072,0.05,0.18
2015.06.05 13:09:39.640,0.16038,0.16072,0.04,0.20
2015.06.05 13:09:39.741,0.16038,0.1607,0.19,0.17
2015.06.05 13:09:39.830,0.16036,0.1607,0.19,0.16
2015.06.05 13:09:40.574,0.16038,0.1607,0.18,0.20
2015.06.05 13:09:43.061,0.16036,0.1607,0.14,0.23
2015.06.05 13:09:43.412,0.16036,0.16068,0.14,0.02
2015.06.05 13:09:43.462,0.16034,0.16068,0.10,0.22
2015.06.05 13:09:46.821,0.16035,0.16066,0.02,0.02
2015.06.05 13:09:47.179,0.16036,0.16068,0.02,0.22
2015.06.05 13:09:47.895,0.16037,0.16069,0.02,0.02
2015.06.05 13:09:48.816,0.16037,0.16069,0.02,0.04
2015.06.05 13:09:49.469,0.16037,0.16069,0.02,0.02
2015.06.05 13:09:50.199,0.16038,0.16069,0.02,0.02
2015.06.05 13:09:50.778,0.16037,0.16071,0.08,0.17
2015.06.05 13:09:51.289,0.16039,0.16073,0.24,0.20
2015.06.05 13:09:53.570,0.16039,0.16071,0.20,0.05
2015.06.05 13:09:56.694,0.16038,0.16071,0.02,0.02
2015.06.05 13:09:57.060,0.16037,0.16069,0.15,0.05
2015.06.05 13:09:57.387,0.16039,0.16071,0.07,0.18
2015.06.05 13:09:58.786,0.16037,0.16069,0.21,0.19
2015.06.05 13:09:59.906,0.16035,0.16069,0.08,0.22
2015.06.05 13:10:00.139,0.16038,0.16069,0.02,0.02
2015.06.05 13:10:00.753,0.16034,0.16068,0.16,0.16
2015.06.05 13:10:00.942,0.16037,0.16071,0.23,0.13
2015.06.05 13:10:01.244,0.16036,0.16068,0.20,0.20
2015.06.05 13:10:01.828,0.16035,0.16067,0.24,0.13
2015.06.05 13:10:02.657,0.16036,0.16068,0.22,0.12
2015.06.05 13:10:03.656,0.16034,0.16068,0.14,0.24
2015.06.05 13:10:06.065,0.16036,0.1607,0.16,0.08
2015.06.05 13:10:06.267,0.16034,0.16068,0.23,0.08
2015.06.05 13:10:06.322,0.16037,0.16069,0.18,0.06
2015.06.05 13:10:06.813,0.1604,0.16072,0.18,0.09
2015.06.05 13:10:07.429,0.16039,0.16072,0.02,0.04
2015.06.05 13:10:08.239,0.16037,0.16069,0.11,0.22
2015.06.05 13:10:08.833,0.16039,0.16071,0.08,0.21
2015.06.05 13:10:09.668,0.16037,0.16071,0.06,0.18
2015.06.05 13:10:10.202,0.16038,0.16072,0.19,0.12
2015.06.05 13:10:10.736,0.16039,0.16073,0.19,0.19
2015.06.05 13:10:12.541,0.16038,0.1607,0.14,0.23
2015.06.05 13:10:12.742,0.16038,0.16072,0.15,0.24
2015.06.05 13:10:15.151,0.16038,0.1607,0.23,0.19
2015.06.05 13:10:15.949,0.16039,0.16071,0.15,0.12
2015.06.05 13:10:17.280,0.16039,0.16073,0.04,0.21
2015.06.05 13:10:17.381,0.16038,0.1607,0.18,0.19
2015.06.05 13:10:17.672,0.16035,0.16069,0.02,0.20
2015.06.05 13:10:17.918,0.16037,0.16069,0.13,0.04
2015.06.05 13:10:18.075,0.16037,0.16071,0.23,0.22
2015.06.05 13:10:18.683,0.16038,0.16072,0.15,0.19
2015.06.05 13:10:20.084,0.16038,0.1607,0.19,0.18
2015.06.05 13:10:20.589,0.16039,0.16071,0.13,0.23
2015.06.05 13:10:22.846,0.16038,0.1607,0.21,0.21
2015.06.05 13:10:24.997,0.16038,0.16072,0.02,0.19
2015.06.05 13:10:26.523,0.16036,0.1607,0.20,0.08
2015.06.05 13:10:27.053,0.16035,0.16069,0.20,0.10
2015.06.05 13:10:27.660,0.16036,0.1607,0.24,0.05
2015.06.05 13:10:28.273,0.16038,0.16069,0.02,0.02
2015.06.05 13:10:28.323,0.16037,0.16071,0.25,0.18
2015.06.05 13:10:30.856,0.16042,0.16074,0.02,0.21
2015.06.05 13:10:32.336,0.16042,0.16074,0.02,0.02
2015.06.05 13:10:33.174,0.16041,0.16072,0.04,0.02
2015.06.05 13:10:34.274,0.1604,0.16072,0.18,0.18
2015.06.05 13:10:34.808,0.16041,0.16073,0.07,0.17
2015.06.05 13:10:37.686,0.16041,0.16072,0.20,0.01
2015.06.05 13:10:37.787,0.16039,0.16071,0.02,0.14
2015.06.05 13:10:38.075,0.1604,0.16074,0.16,0.24
2015.06.05 13:10:38.989,0.1604,0.16074,0.16,0.23
2015.06.05 13:10:40.358,0.16038,0.16072,0.02,0.02
2015.06.05 13:10:40.878,0.16039,0.16071,0.08,0.21
2015.06.05 13:10:41.796,0.16037,0.16071,0.10,0.15
2015.06.05 13:10:42.406,0.16038,0.16072,0.04,0.20
2015.06.05 13:10:42.959,0.16037,0.1607,0.02,0.02
2015.06.05 13:10:43.568,0.16036,0.1607,0.21,0.23
2015.06.05 13:10:43.957,0.16036,0.16068,0.23,0.18
2015.06.05 13:10:44.008,0.16036,0.1607,0.22,0.21
2015.06.05 13:10:45.874,0.16037,0.16069,0.16,0.18
2015.06.05 13:10:46.406,0.16036,0.16068,0.19,0.21
2015.06.05 13:10:46.607,0.16036,0.1607,0.22,0.23
2015.06.05 13:10:46.708,0.16036,0.16068,0.21,0.15
2015.06.05 13:10:47.231,0.16037,0.16069,0.18,0.22
2015.06.05 13:10:47.283,0.16037,0.16071,0.14,0.16
2015.06.05 13:10:48.079,0.16039,0.16071,0.15,0.14
2015.06.05 13:10:49.240,0.1604,0.16072,0.17,0.19
2015.06.05 13:10:49.941,0.16039,0.16073,0.11,0.20
2015.06.05 13:10:50.344,0.16038,0.1607,0.19,0.08
2015.06.05 13:10:52.829,0.16039,0.16071,0.02,0.16
2015.06.05 13:10:53.408,0.16041,0.16073,0.02,0.21
2015.06.05 13:10:53.932,0.1604,0.16072,0.08,0.18
2015.06.05 13:10:55.547,0.16041,0.16075,0.02,0.16
2015.06.05 13:10:56.030,0.16043,0.16075,0.08,0.20
2015.06.05 13:10:56.621,0.16042,0.16074,0.09,0.16
2015.06.05 13:10:58.142,0.16043,0.16075,0.17,0.19
2015.06.05 13:10:58.577,0.1604,0.16073,0.02,0.22
2015.06.05 13:10:58.744,0.1604,0.16071,0.02,0.20
2015.06.05 13:10:58.945,0.16041,0.16073,0.08,0.18
2015.06.05 13:10:59.572,0.16042,0.16074,0.02,0.14
2015.06.05 13:11:00.684,0.16042,0.16076,0.21,0.19
2015.06.05 13:11:01.798,0.16041,0.16075,0.05,0.18
2015.06.05 13:11:01.913,0.16044,0.16076,0.05,0.17
2015.06.05 13:11:02.787,0.16039,0.16073,0.19,0.05
2015.06.05 13:11:04.688,0.16038,0.1607,0.20,0.21
2015.06.05 13:11:06.001,0.16038,0.16071,0.02,0.20
2015.06.05 13:11:06.567,0.16037,0.16071,0.02,0.20
2015.06.05 13:11:12.034,0.1604,0.16072,0.21,0.21
2015.06.05 13:11:12.748,0.16038,0.1607,0.16,0.13
2015.06.05 13:11:13.387,0.16038,0.16069,0.16,0.02
2015.06.05 13:11:13.437,0.16035,0.16069,0.04,0.23
2015.06.05 13:11:16.393,0.16035,0.16068,0.04,0.01
2015.06.05 13:11:16.642,0.16032,0.16066,0.12,0.10
2015.06.05 13:11:21.570,0.16034,0.16066,0.14,0.15
2015.06.05 13:11:22.385,0.16033,0.16065,0.18,0.12
2015.06.05 13:11:23.190,0.16031,0.16063,0.18,0.22
2015.06.05 13:11:23.504,0.16033,0.16065,0.07,0.22
2015.06.05 13:11:24.668,0.16034,0.16066,0.14,0.20
2015.06.05 13:11:29.983,0.16036,0.16068,0.17,0.16
2015.06.05 13:11:30.333,0.1604,0.1607,0.02,0.17
2015.06.05 13:11:30.998,0.16039,0.16069,0.02,0.02
2015.06.05 13:11:32.996,0.16035,0.16069,0.04,0.02
2015.06.05 13:11:33.096,0.16039,0.16069,0.02,0.17
2015.06.05 13:11:33.786,0.16039,0.16069,0.02,0.22
2015.06.05 13:11:35.048,0.16035,0.16069,0.12,0.22
2015.06.05 13:11:35.099,0.16038,0.1607,0.02,0.16
2015.06.05 13:11:45.494,0.16039,0.16071,0.16,0.21
2015.06.05 13:11:47.480,0.16042,0.16072,0.17,0.02
2015.06.05 13:11:47.530,0.16042,0.16076,0.17,0.20
2015.06.05 13:11:48.069,0.16041,0.16075,0.02,0.19
2015.06.05 13:11:48.602,0.1604,0.16074,0.19,0.21
2015.06.05 13:11:48.671,0.1604,0.16072,0.21,0.08
2015.06.05 13:11:49.262,0.16046,0.16076,0.02,0.25
2015.06.05 13:11:49.673,0.16044,0.16074,0.02,0.14
2015.06.05 13:11:49.724,0.16044,0.16074,0.02,0.14
2015.06.05 13:11:52.995,0.16041,0.16073,0.16,0.16
2015.06.05 13:11:53.095,0.16039,0.16071,0.21,0.16
2015.06.05 13:11:53.620,0.16038,0.1607,0.20,0.11
2015.06.05 13:11:58.938,0.1604,0.16072,0.12,0.18
2015.06.05 13:11:58.996,0.16038,0.16072,0.17,0.22
2015.06.05 13:11:59.745,0.16039,0.16072,0.09,0.02
2015.06.05 13:11:59.898,0.16037,0.16071,0.17,0.20
2015.06.05 13:12:00.492,0.16037,0.16068,0.17,0.01
2015.06.05 13:12:00.643,0.16033,0.16065,0.20,0.06
2015.06.05 13:12:03.536,0.16037,0.16071,0.21,0.16
2015.06.05 13:12:04.114,0.16037,0.16069,0.18,0.23
2015.06.05 13:12:04.475,0.16035,0.16067,0.23,0.08
2015.06.05 13:12:04.806,0.16037,0.16069,0.16,0.19
2015.06.05 13:12:07.031,0.16035,0.16069,0.04,0.16
2015.06.05 13:12:07.118,0.16037,0.16071,0.22,0.18
2015.06.05 13:12:08.234,0.16036,0.1607,0.16,0.14
2015.06.05 13:12:09.031,0.16037,0.16071,0.23,0.12
2015.06.05 13:12:09.585,0.16044,0.16074,0.02,0.28
2015.06.05 13:12:13.026,0.16038,0.1607,0.19,0.16
2015.06.05 13:12:13.177,0.16039,0.16072,0.02,0.02
2015.06.05 13:12:13.242,0.16037,0.16071,0.17,0.21
2015.06.05 13:12:13.662,0.16039,0.16071,0.15,0.17
2015.06.05 13:12:13.844,0.16037,0.16071,0.24,0.18
2015.06.05 13:12:14.317,0.16044,0.16074,0.02,0.23
2015.06.05 13:12:20.188,0.16039,0.16069,0.02,0.02
2015.06.05 13:12:20.402,0.16036,0.16067,0.02,0.05
2015.06.05 13:12:20.505,0.16038,0.16068,0.02,0.17
2015.06.05 13:12:21.071,0.16037,0.16067,0.02,0.18
2015.06.05 13:12:22.807,0.16042,0.16072,0.02,0.27
2015.06.05 13:12:23.355,0.16044,0.16074,0.02,0.27
2015.06.05 13:12:23.456,0.16042,0.16072,0.02,0.29
2015.06.05 13:12:23.826,0.16036,0.16066,0.04,0.15
2015.06.05 13:12:23.926,0.16038,0.16068,0.04,0.12
2015.06.05 13:12:24.115,0.1604,0.1607,0.02,0.04
2015.06.05 13:12:25.658,0.16037,0.16067,0.04,0.02
2015.06.05 13:12:25.769,0.1604,0.1607,0.02,0.27
2015.06.05 13:12:27.218,0.16041,0.16071,0.02,0.22
2015.06.05 13:12:27.757,0.16035,0.16065,0.02,0.05
2015.06.05 13:12:29.719,0.16045,0.16075,0.02,0.41
2015.06.05 13:12:29.855,0.1604,0.1607,0.02,0.19
2015.06.05 13:12:29.936,0.16043,0.16073,0.02,0.27
2015.06.05 13:12:33.280,0.16038,0.16068,0.02,0.02
2015.06.05 13:12:33.381,0.16043,0.16073,0.02,0.24
2015.06.05 13:12:33.842,0.16037,0.16067,0.02,0.02
2015.06.05 13:12:34.128,0.16039,0.16069,0.02,0.20
2015.06.05 13:12:34.444,0.16035,0.16065,0.02,0.11
2015.06.05 13:12:44.172,0.16034,0.16064,0.02,0.02
2015.06.05 13:12:44.709,0.16038,0.16068,0.02,0.25
2015.06.05 13:12:45.030,0.16037,0.16067,0.02,0.02
2015.06.05 13:12:45.650,0.16035,0.16065,0.02,0.09
2015.06.05 13:12:45.700,0.16038,0.16068,0.02,0.20
2015.06.05 13:12:45.877,0.16033,0.16063,0.02,0.14
2015.06.05 13:12:46.028,0.16039,0.16069,0.02,0.26
2015.06.05 13:12:46.344,0.16036,0.16066,0.02,0.20
2015.06.05 13:12:46.444,0.16039,0.16069,0.02,0.23
2015.06.05 13:12:46.700,0.16035,0.16065,0.02,0.19
2015.06.05 13:12:47.232,0.1604,0.1607,0.02,0.29
2015.06.05 13:12:47.718,0.16034,0.16064,0.02,0.22
2015.06.05 13:12:47.819,0.16033,0.16063,0.02,0.12
2015.06.05 13:12:48.328,0.16032,0.16062,0.02,0.19
2015.06.05 13:12:49.957,0.16034,0.16064,0.02,0.27
2015.06.05 13:12:50.211,0.16023,0.16057,0.20,0.25
2015.06.05 13:12:51.657,0.16029,0.16059,0.14,0.02
2015.06.05 13:12:51.805,0.16029,0.16061,0.14,0.16
2015.06.05 13:12:52.586,0.16023,0.16057,0.20,0.17
2015.06.05 13:12:55.525,0.16028,0.16061,0.17,0.02
2015.06.05 13:12:55.810,0.16023,0.16057,0.23,0.17
2015.06.05 13:12:58.314,0.16033,0.16063,0.02,0.22
2015.06.05 13:12:58.884,0.16028,0.16058,0.02,0.02
2015.06.05 13:12:59.424,0.16027,0.16058,0.02,0.02
2015.06.05 13:13:00.004,0.16034,0.16064,0.02,0.28
2015.06.05 13:13:01.444,0.16032,0.16062,0.02,0.24
2015.06.05 13:13:01.615,0.1603,0.1606,0.02,0.21
2015.06.05 13:13:02.183,0.16028,0.16058,0.02,0.02
2015.06.05 13:13:04.058,0.1603,0.1606,0.02,0.21
2015.06.05 13:13:04.385,0.16032,0.16062,0.02,0.26
2015.06.05 13:13:04.805,0.16034,0.16064,0.02,0.24
2015.06.05 13:13:05.309,0.16032,0.16062,0.02,0.28
2015.06.05 13:13:07.820,0.16027,0.16057,0.17,0.02
2015.06.05 13:13:08.392,0.16026,0.16056,0.02,0.25
2015.06.05 13:13:13.739,0.16032,0.16062,0.02,0.29
2015.06.05 13:13:13.891,0.16031,0.16061,0.02,0.20
2015.06.05 13:13:14.998,0.1603,0.1606,0.02,0.17
2015.06.05 13:13:15.049,0.16027,0.1606,0.02,0.18
2015.06.05 13:13:15.844,0.1603,0.1606,0.02,0.18
2015.06.05 13:13:16.139,0.16033,0.16063,0.02,0.27
2015.06.05 13:13:16.290,0.1603,0.1606,0.02,0.05
2015.06.05 13:13:16.391,0.16027,0.16057,0.02,0.01
2015.06.05 13:13:17.880,0.16032,0.16062,0.02,0.21
2015.06.05 13:13:18.216,0.16029,0.16059,0.02,0.07
2015.06.05 13:13:19.149,0.1603,0.1606,0.02,0.23
2015.06.05 13:13:19.325,0.16028,0.16058,0.02,0.26
2015.06.05 13:13:19.848,0.16031,0.16061,0.02,0.24
2015.06.05 13:13:21.329,0.16029,0.16059,0.02,0.04
2015.06.05 13:13:21.871,0.16026,0.16056,0.02,0.12
2015.06.05 13:13:24.975,0.16029,0.16059,0.02,0.17
2015.06.05 13:13:32.242,0.16026,0.16056,0.02,0.13
2015.06.05 13:13:32.802,0.16024,0.16054,0.02,0.12
2015.06.05 13:13:35.423,0.16021,0.16051,0.02,0.21
2015.06.05 13:13:35.935,0.16027,0.16057,0.02,0.26
2015.06.05 13:13:35.986,0.16024,0.16054,0.02,0.08
2015.06.05 13:13:36.087,0.16022,0.16052,0.02,0.21
2015.06.05 13:13:37.191,0.16024,0.16054,0.02,0.27
2015.06.05 13:13:37.795,0.16021,0.16051,0.02,0.21
2015.06.05 13:13:39.709,0.16026,0.16056,0.02,0.25
2015.06.05 13:13:40.261,0.16025,0.16055,0.02,0.23
2015.06.05 13:13:40.635,0.16023,0.16053,0.02,0.20
2015.06.05 13:13:42.015,0.16024,0.16054,0.02,0.21
2015.06.05 13:13:42.118,0.16029,0.16059,0.02,0.30
2015.06.05 13:13:42.707,0.16026,0.16056,0.02,0.20
2015.06.05 13:13:43.087,0.16026,0.16056,0.02,0.24
2015.06.05 13:13:43.900,0.16026,0.16056,0.02,0.16
2015.06.05 13:13:44.506,0.16027,0.16057,0.02,0.24
2015.06.05 13:13:46.178,0.16032,0.16062,0.02,0.24
2015.06.05 13:13:46.677,0.16028,0.16058,0.02,0.02
2015.06.05 13:13:47.213,0.16029,0.16059,0.02,0.24
2015.06.05 13:13:47.264,0.16031,0.16061,0.02,0.25
2015.06.05 13:13:47.730,0.1603,0.1606,0.02,0.21
2015.06.05 13:13:56.063,0.16033,0.16063,0.02,0.20
2015.06.05 13:13:58.734,0.16034,0.16064,0.02,0.25
2015.06.05 13:13:59.078,0.16038,0.16068,0.02,0.26
2015.06.05 13:13:59.620,0.16036,0.16066,0.02,0.16
2015.06.05 13:14:01.842,0.16035,0.16065,0.02,0.02
2015.06.05 13:14:02.852,0.16036,0.16066,0.02,0.11
2015.06.05 13:14:03.328,0.16032,0.16066,0.17,0.09
2015.06.05 13:14:03.539,0.16035,0.16067,0.02,0.16
2015.06.05 13:14:04.095,0.16034,0.16068,0.05,0.14
2015.06.05 13:14:04.809,0.16034,0.16067,0.13,0.01
2015.06.05 13:14:04.960,0.16031,0.16065,0.21,0.07
2015.06.05 13:14:05.935,0.16033,0.16065,0.21,0.19
2015.06.05 13:14:09.069,0.16032,0.16064,0.20,0.13
2015.06.05 13:14:11.117,0.16032,0.16063,0.02,0.02
2015.06.05 13:14:11.727,0.16032,0.16064,0.21,0.07
2015.06.05 13:14:12.456,0.16031,0.16065,0.05,0.20
2015.06.05 13:14:12.956,0.16031,0.16063,0.08,0.21
2015.06.05 13:14:13.487,0.1603,0.16064,0.23,0.05
2015.06.05 13:14:14.853,0.16031,0.16064,0.02,0.05
2015.06.05 13:14:15.362,0.16031,0.16063,0.02,0.16
2015.06.05 13:14:16.515,0.16031,0.16062,0.02,0.18
2015.06.05 13:14:16.683,0.16028,0.1606,0.20,0.22
2015.06.05 13:14:20.119,0.16027,0.16059,0.23,0.11
2015.06.05 13:14:20.452,0.16027,0.16061,0.22,0.22
2015.06.05 13:14:23.230,0.16026,0.1606,0.19,0.06
2015.06.05 13:14:23.527,0.16028,0.1606,0.22,0.17
2015.06.05 13:14:23.719,0.16026,0.1606,0.19,0.11
2015.06.05 13:14:24.731,0.16027,0.16061,0.22,0.10
2015.06.05 13:14:25.873,0.16028,0.1606,0.06,0.21
2015.06.05 13:14:27.953,0.16027,0.16061,0.20,0.07
2015.06.05 13:14:30.666,0.16027,0.16059,0.16,0.05
2015.06.05 13:14:31.661,0.16028,0.16059,0.02,0.05
2015.06.05 13:14:31.770,0.1603,0.16062,0.12,0.18
2015.06.05 13:14:31.820,0.16033,0.16063,0.02,0.20
2015.06.05 13:14:32.536,0.1603,0.1606,0.02,0.25
2015.06.05 13:14:34.015,0.16028,0.1606,0.22,0.25
2015.06.05 13:14:34.115,0.16026,0.16059,0.02,0.02
2015.06.05 13:14:34.425,0.16028,0.1606,0.13,0.25
2015.06.05 13:14:36.282,0.16027,0.16059,0.22,0.13
2015.06.05 13:14:37.285,0.16027,0.16061,0.02,0.14
2015.06.05 13:14:37.451,0.16027,0.16061,0.02,0.14
2015.06.05 13:14:37.655,0.16027,0.16061,0.02,0.14
2015.06.05 13:14:37.705,0.16024,0.16058,0.16,0.15
2015.06.05 13:14:38.289,0.16025,0.16059,0.20,0.14
2015.06.05 13:14:38.919,0.16025,0.16059,0.20,0.14
2015.06.05 13:14:39.652,0.16025,0.16059,0.20,0.14
2015.06.05 13:14:40.488,0.16025,0.16059,0.20,0.14
2015.06.05 13:14:40.947,0.16024,0.16055,0.02,0.02
2015.06.05 13:14:42.217,0.16029,0.1606,0.02,0.02
2015.06.05 13:14:45.128,0.16027,0.16061,0.11,0.21
2015.06.05 13:14:45.647,0.16028,0.16061,0.02,0.02
2015.06.05 13:14:45.853,0.16026,0.16058,0.02,0.22
2015.06.05 13:14:45.953,0.16026,0.1606,0.11,0.20
2015.06.05 13:14:46.110,0.16026,0.16058,0.26,0.11
2015.06.05 13:14:46.456,0.16031,0.16061,0.02,0.20
2015.06.05 13:14:48.182,0.16027,0.16057,0.02,0.01
2015.06.05 13:14:48.803,0.16025,0.16055,0.02,0.02
2015.06.05 13:14:49.573,0.16031,0.16061,0.02,0.24
2015.06.05 13:14:50.054,0.16025,0.16055,0.02,0.09
2015.06.05 13:14:53.727,0.16029,0.16059,0.02,0.21
2015.06.05 13:14:53.921,0.16032,0.16062,0.02,0.34
2015.06.05 13:14:54.279,0.16029,0.16059,0.02,0.26
2015.06.05 13:14:54.631,0.16027,0.16057,0.02,0.01
2015.06.05 13:14:55.006,0.16026,0.16056,0.02,0.02
2015.06.05 13:14:55.594,0.16031,0.16061,0.02,0.22
2015.06.05 13:14:56.124,0.16031,0.16061,0.02,0.28
2015.06.05 13:14:56.672,0.16029,0.16059,0.02,0.22
2015.06.05 13:14:56.836,0.16025,0.16055,0.02,0.11
2015.06.05 13:14:57.275,0.16027,0.16057,0.02,0.21
2015.06.05 13:14:57.338,0.16025,0.16055,0.02,0.02
2015.06.05 13:15:04.877,0.16025,0.16055,0.02,0.26
2015.06.05 13:15:05.178,0.16024,0.16054,0.02,0.12
2015.06.05 13:15:06.828,0.16029,0.16059,0.02,0.23
2015.06.05 13:15:07.153,0.16028,0.16058,0.02,0.24
2015.06.05 13:15:10.684,0.16029,0.16059,0.02,0.22
2015.06.05 13:15:16.595,0.16027,0.16057,0.20,0.03
2015.06.05 13:15:16.645,0.16031,0.16061,0.02,0.10
2015.06.05 13:15:17.174,0.16032,0.16062,0.02,0.24
2015.06.05 13:15:17.478,0.16027,0.16057,0.02,0.12
2015.06.05 13:15:17.780,0.16033,0.16063,0.02,0.02
2015.06.05 13:15:19.502,0.16029,0.16059,0.02,0.16
2015.06.05 13:15:19.722,0.16029,0.16059,0.02,0.19
2015.06.05 13:15:21.566,0.16029,0.16059,0.02,0.19
2015.06.05 13:15:22.020,0.16032,0.16062,0.02,0.20
2015.06.05 13:15:22.904,0.16034,0.16064,0.02,0.25
2015.06.05 13:15:24.400,0.1603,0.1606,0.02,0.04
2015.06.05 13:15:25.969,0.16032,0.16062,0.02,0.20
2015.06.05 13:15:26.320,0.16029,0.16059,0.02,0.25
2015.06.05 13:15:27.224,0.16026,0.16056,0.02,0.23
2015.06.05 13:15:34.251,0.16025,0.16055,0.04,0.02
2015.06.05 13:15:34.352,0.16031,0.16061,0.02,0.07
2015.06.05 13:15:34.812,0.16031,0.16061,0.02,0.23
2015.06.05 13:15:35.098,0.16036,0.16066,0.02,0.31
2015.06.05 13:15:35.255,0.16028,0.16058,0.02,0.04
2015.06.05 13:15:37.263,0.16026,0.16056,0.02,0.08
2015.06.05 13:15:39.092,0.16024,0.16054,0.02,0.02
2015.06.05 13:15:39.193,0.16024,0.16054,0.02,0.26
2015.06.05 13:15:46.098,0.16025,0.16055,0.02,0.30
2015.06.05 13:15:48.846,0.16024,0.16054,0.02,0.29
2015.06.05 13:15:55.448,0.16027,0.16057,0.02,0.32
2015.06.05 13:15:55.649,0.16025,0.16055,0.02,0.15
2015.06.05 13:15:55.903,0.16022,0.16052,0.02,0.01
2015.06.05 13:15:56.502,0.16021,0.16051,0.02,0.06
2015.06.05 13:15:56.552,0.16024,0.16054,0.02,0.23
2015.06.05 13:15:57.326,0.16028,0.16058,0.02,0.27
2015.06.05 13:15:57.455,0.16026,0.16056,0.02,0.17
2015.06.05 13:15:57.571,0.16027,0.16057,0.02,0.21
2015.06.05 13:15:57.908,0.16023,0.16053,0.02,0.01
2015.06.05 13:15:59.707,0.1603,0.1606,0.02,0.32
2015.06.05 13:15:59.967,0.16026,0.16056,0.02,0.28
2015.06.05 13:16:00.044,0.1602,0.1605,0.02,0.02
2015.06.05 13:16:00.725,0.16022,0.16052,0.02,0.01
2015.06.05 13:16:09.765,0.16021,0.16051,0.04,0.02
2015.06.05 13:16:09.816,0.16026,0.16056,0.02,0.04
2015.06.05 13:16:09.866,0.16029,0.16059,0.02,0.28
2015.06.05 13:16:10.396,0.16024,0.16054,0.02,0.07
2015.06.05 13:16:10.969,0.16027,0.16057,0.02,0.01
2015.06.05 13:16:11.717,0.16029,0.16059,0.02,0.26
2015.06.05 13:16:12.236,0.16022,0.16052,0.02,0.02
2015.06.05 13:16:12.607,0.16025,0.16055,0.02,0.20
2015.06.05 13:16:13.231,0.16021,0.16051,0.02,0.16
2015.06.05 13:16:16.989,0.16019,0.16049,0.02,0.02
2015.06.05 13:16:20.196,0.16022,0.16052,0.02,0.28
2015.06.05 13:16:24.977,0.1602,0.1605,0.02,0.24
2015.06.05 13:16:25.077,0.16025,0.16055,0.02,0.30
2015.06.05 13:16:25.367,0.16023,0.16053,0.02,0.26
2015.06.05 13:16:25.518,0.16021,0.16051,0.02,0.24
2015.06.05 13:16:26.079,0.16018,0.16048,0.02,0.17
2015.06.05 13:16:26.838,0.16019,0.16049,0.02,0.21
2015.06.05 13:16:26.905,0.16021,0.16051,0.02,0.23
2015.06.05 13:16:27.780,0.16018,0.16048,0.02,0.04
2015.06.05 13:16:29.306,0.16021,0.16051,0.02,0.21
2015.06.05 13:16:29.830,0.16016,0.16046,0.02,0.22
2015.06.05 13:16:30.144,0.16016,0.16046,0.02,0.20
2015.06.05 13:16:30.754,0.16017,0.16047,0.02,0.06
2015.06.05 13:16:31.049,0.1602,0.1605,0.02,0.19
2015.06.05 13:16:31.100,0.16025,0.16055,0.02,0.28
2015.06.05 13:16:32.452,0.16019,0.16049,0.02,0.18
2015.06.05 13:16:32.516,0.16021,0.16051,0.02,0.19
2015.06.05 13:16:32.746,0.16023,0.16053,0.02,0.21
2015.06.05 13:16:33.413,0.16025,0.16055,0.02,0.31
2015.06.05 13:16:33.715,0.16016,0.16046,0.02,0.15
2015.06.05 13:16:33.815,0.1602,0.1605,0.02,0.19
2015.06.05 13:16:35.632,0.16023,0.16053,0.02,0.27
2015.06.05 13:16:35.733,0.16022,0.16052,0.02,0.28
2015.06.05 13:16:36.059,0.16025,0.16055,0.02,0.32
2015.06.05 13:16:36.109,0.16019,0.16049,0.02,0.18
2015.06.05 13:16:36.964,0.16023,0.16053,0.02,0.03
2015.06.05 13:16:37.115,0.16016,0.16046,0.02,0.18
2015.06.05 13:16:37.516,0.16018,0.16048,0.02,0.14
2015.06.05 13:16:37.617,0.16021,0.16051,0.02,0.20
2015.06.05 13:16:37.819,0.16022,0.16052,0.02,0.25
2015.06.05 13:16:38.060,0.16017,0.16047,0.02,0.20
2015.06.05 13:16:38.378,0.16015,0.16045,0.04,0.21
2015.06.05 13:16:41.029,0.1602,0.1605,0.02,0.04
2015.06.05 13:16:41.334,0.16022,0.16052,0.02,0.02
2015.06.05 13:16:41.881,0.16023,0.16053,0.02,0.03
2015.06.05 13:16:43.136,0.16018,0.16048,0.02,0.21
2015.06.05 13:16:45.421,0.16021,0.16051,0.02,0.24
2015.06.05 13:16:45.826,0.16025,0.16055,0.02,0.31
2015.06.05 13:16:45.977,0.16021,0.16051,0.02,0.21
2015.06.05 13:16:49.159,0.1602,0.1605,0.02,0.18
2015.06.05 13:16:49.375,0.16026,0.16056,0.02,0.28
2015.06.05 13:16:50.006,0.16025,0.16055,0.02,0.28
2015.06.05 13:16:51.669,0.16028,0.16058,0.02,0.31
2015.06.05 13:16:51.770,0.16024,0.16054,0.02,0.19
2015.06.05 13:16:52.327,0.16021,0.16051,0.02,0.13
2015.06.05 13:16:53.476,0.16019,0.16049,0.02,0.12
2015.06.05 13:16:54.151,0.16022,0.16052,0.02,0.18
2015.06.05 13:16:54.661,0.16022,0.16052,0.02,0.02
2015.06.05 13:16:54.953,0.16021,0.16051,0.02,0.26
2015.06.05 13:16:58.394,0.16021,0.16051,0.02,0.27
2015.06.05 13:16:58.696,0.16018,0.16048,0.02,0.20
2015.06.05 13:16:58.797,0.16021,0.16051,0.02,0.16
2015.06.05 13:17:01.667,0.16018,0.16048,0.02,0.09
2015.06.05 13:17:02.921,0.1602,0.1605,0.02,0.03
2015.06.05 13:17:03.198,0.16028,0.16058,0.02,0.44
2015.06.05 13:17:03.472,0.16019,0.16049,0.02,0.18
2015.06.05 13:17:03.981,0.1602,0.1605,0.02,0.21
2015.06.05 13:17:05.638,0.16025,0.16055,0.02,0.25
2015.06.05 13:17:05.918,0.16022,0.16052,0.02,0.01
2015.06.05 13:17:05.969,0.16025,0.16055,0.02,0.21
2015.06.05 13:17:06.070,0.16023,0.16053,0.02,0.22
2015.06.05 13:17:06.964,0.1602,0.1605,0.02,0.19
2015.06.05 13:17:07.166,0.16025,0.16055,0.02,0.24
2015.06.05 13:17:07.696,0.16024,0.16054,0.02,0.23
2015.06.05 13:17:08.750,0.16025,0.16055,0.02,0.23
2015.06.05 13:17:08.901,0.16026,0.16056,0.02,0.26
2015.06.05 13:17:09.244,0.16029,0.16059,0.02,0.33
2015.06.05 13:17:11.720,0.16027,0.16057,0.02,0.20
2015.06.05 13:17:16.101,0.16024,0.16054,0.02,0.16
2015.06.05 13:17:16.702,0.16027,0.16057,0.02,0.22
2015.06.05 13:17:16.966,0.16033,0.16063,0.02,0.29
2015.06.05 13:17:18.839,0.16028,0.16058,0.02,0.13
2015.06.05 13:17:18.956,0.16027,0.16057,0.02,0.07
2015.06.05 13:17:27.993,0.16029,0.16059,0.02,0.01
2015.06.05 13:17:28.877,0.16031,0.16061,0.02,0.25
2015.06.05 13:17:31.401,0.16028,0.16058,0.02,0.25
2015.06.05 13:17:31.852,0.16026,0.16056,0.02,0.26
2015.06.05 13:17:32.427,0.16025,0.16055,0.02,0.12
2015.06.05 13:17:34.874,0.16026,0.16056,0.02,0.10
2015.06.05 13:17:35.462,0.16025,0.16055,0.02,0.21
2015.06.05 13:17:36.013,0.16026,0.16056,0.02,0.09
2015.06.05 13:17:36.659,0.16025,0.16055,0.02,0.20
2015.06.05 13:17:39.579,0.16026,0.16056,0.02,0.18
2015.06.05 13:17:39.864,0.1603,0.1606,0.02,0.24
2015.06.05 13:17:40.374,0.16031,0.16061,0.02,0.18
2015.06.05 13:17:40.826,0.16031,0.16061,0.02,0.16
2015.06.05 13:17:40.876,0.16027,0.16057,0.02,0.02
2015.06.05 13:17:40.985,0.16028,0.16058,0.02,0.04
2015.06.05 13:17:49.214,0.16034,0.16064,0.02,0.26
2015.06.05 13:17:49.319,0.16039,0.16069,0.02,0.28
2015.06.05 13:17:51.073,0.16037,0.16067,0.02,0.22
2015.06.05 13:17:51.123,0.16029,0.16059,0.02,0.19
2015.06.05 13:17:51.224,0.16031,0.16061,0.02,0.16
2015.06.05 13:17:51.953,0.16032,0.16062,0.02,0.17
2015.06.05 13:17:53.837,0.16035,0.16065,0.02,0.24
2015.06.05 13:17:54.786,0.1603,0.1606,0.02,0.19
2015.06.05 13:17:54.902,0.16033,0.16063,0.02,0.21
2015.06.05 13:17:56.589,0.16032,0.16062,0.02,0.18
2015.06.05 13:17:57.200,0.1603,0.1606,0.02,0.10
2015.06.05 13:17:57.892,0.16031,0.16061,0.02,0.16
2015.06.05 13:17:58.415,0.16031,0.16061,0.02,0.16
2015.06.05 13:17:58.594,0.16033,0.16063,0.02,0.21
2015.06.05 13:17:59.296,0.16032,0.16062,0.02,0.16
2015.06.05 13:17:59.739,0.16033,0.16063,0.02,0.02
2015.06.05 13:18:05.910,0.16034,0.16064,0.02,0.16
2015.06.05 13:18:11.625,0.16036,0.16066,0.02,0.17
2015.06.05 13:18:15.693,0.16039,0.16069,0.02,0.29
2015.06.05 13:18:15.844,0.16038,0.16068,0.02,0.02
2015.06.05 13:18:15.948,0.16043,0.16073,0.02,0.23
2015.06.05 13:18:16.290,0.1604,0.1607,0.02,0.21
2015.06.05 13:18:18.005,0.16045,0.16075,0.02,0.30
2015.06.05 13:18:18.056,0.16043,0.16073,0.02,0.16
2015.06.05 13:18:18.156,0.16049,0.16079,0.02,0.24
2015.06.05 13:18:22.943,0.16042,0.16072,0.02,0.01
2015.06.05 13:18:22.993,0.16037,0.16068,0.01,0.14
2015.06.05 13:18:23.044,0.16041,0.16071,0.01,0.19
2015.06.05 13:18:23.094,0.16041,0.16073,0.24,0.19
2015.06.05 13:18:24.647,0.16039,0.16072,0.21,0.01
2015.06.05 13:18:25.114,0.16037,0.16069,0.20,0.16
2015.06.05 13:18:26.557,0.16039,0.16071,0.06,0.20
2015.06.05 13:18:26.872,0.16041,0.16073,0.19,0.19
2015.06.05 13:18:27.222,0.16039,0.16071,0.06,0.17
2015.06.05 13:18:27.764,0.1604,0.16072,0.15,0.07
2015.06.05 13:18:28.110,0.16038,0.1607,0.21,0.24
2015.06.05 13:18:28.418,0.16038,0.16068,0.02,0.19
2015.06.05 13:18:29.130,0.16037,0.16068,0.01,0.19
2015.06.05 13:18:29.991,0.16036,0.16068,0.17,0.19
2015.06.05 13:18:30.540,0.16037,0.16068,0.01,0.19
2015.06.05 13:18:31.109,0.16036,0.16068,0.17,0.19
2015.06.05 13:18:36.281,0.16036,0.16067,0.09,0.01
2015.06.05 13:18:36.333,0.16031,0.16065,0.03,0.17
2015.06.05 13:18:37.803,0.1603,0.16064,0.20,0.15
2015.06.05 13:18:40.803,0.16032,0.16064,0.21,0.21
2015.06.05 13:18:41.423,0.1603,0.16064,0.12,0.20
2015.06.05 13:18:41.698,0.1603,0.16062,0.22,0.19
2015.06.05 13:18:42.332,0.16028,0.1606,0.09,0.19
2015.06.05 13:18:46.070,0.16026,0.1606,0.20,0.20
2015.06.05 13:18:46.952,0.16027,0.16061,0.16,0.22
2015.06.05 13:18:47.712,0.16026,0.1606,0.24,0.21
2015.06.05 13:18:49.356,0.16026,0.16059,0.02,0.18
2015.06.05 13:18:49.457,0.16025,0.16057,0.20,0.11
2015.06.05 13:18:55.711,0.16022,0.16054,0.20,0.24
2015.06.05 13:18:56.340,0.16021,0.16053,0.22,0.20
2015.06.05 13:18:56.890,0.16021,0.16054,0.02,0.17
2015.06.05 13:18:57.443,0.16021,0.16052,0.04,0.02
2015.06.05 13:18:57.876,0.16023,0.16054,0.02,0.02
2015.06.05 13:18:59.052,0.16022,0.16054,0.07,0.19
2015.06.05 13:18:59.771,0.16023,0.16054,0.02,0.02
2015.06.05 13:19:05.595,0.16024,0.16056,0.24,0.21
2015.06.05 13:19:05.695,0.16022,0.16056,0.17,0.22
2015.06.05 13:19:07.611,0.16021,0.16054,0.04,0.02
2015.06.05 13:19:07.920,0.16019,0.16053,0.02,0.05
2015.06.05 13:19:10.412,0.16019,0.16052,0.02,0.02
2015.06.05 13:19:10.735,0.16018,0.1605,0.17,0.20
2015.06.05 13:19:13.061,0.16016,0.1605,0.20,0.21
2015.06.05 13:19:14.700,0.16018,0.1605,0.17,0.23
2015.06.05 13:19:15.396,0.16019,0.16051,0.11,0.22
2015.06.05 13:19:16.090,0.16018,0.16051,0.02,0.19
2015.06.05 13:19:17.390,0.16018,0.16049,0.02,0.16
2015.06.05 13:19:18.793,0.16017,0.16047,0.02,0.02
2015.06.05 13:19:19.044,0.16014,0.16048,0.17,0.11
2015.06.05 13:19:19.095,0.16016,0.1605,0.02,0.13
2015.06.05 13:19:19.595,0.16016,0.16048,0.14,0.17
2015.06.05 13:19:19.796,0.16014,0.16048,0.21,0.10
2015.06.05 13:19:19.897,0.16016,0.16048,0.19,0.17
2015.06.05 13:19:21.299,0.16015,0.16047,0.21,0.14
2015.06.05 13:19:21.804,0.16013,0.16045,0.14,0.17
2015.06.05 13:19:30.152,0.16009,0.16043,0.24,0.14
2015.06.05 13:19:30.252,0.16012,0.16044,0.21,0.13
2015.06.05 13:19:33.149,0.16013,0.16045,0.18,0.25
2015.06.05 13:19:35.713,0.16012,0.16042,0.18,0.02
2015.06.05 13:19:35.972,0.16007,0.16041,0.16,0.16
2015.06.05 13:19:36.056,0.16009,0.16041,0.17,0.19
2015.06.05 13:19:36.156,0.1601,0.16043,0.02,0.02
2015.06.05 13:19:36.323,0.16015,0.16045,0.02,0.21
2015.06.05 13:19:36.707,0.1601,0.1604,0.02,0.20
2015.06.05 13:19:37.242,0.16016,0.16046,0.02,0.24
2015.06.05 13:19:37.293,0.16014,0.16044,0.02,0.23
2015.06.05 13:19:37.393,0.16011,0.16041,0.02,0.19
2015.06.05 13:19:37.970,0.16012,0.16042,0.02,0.02
2015.06.05 13:19:39.389,0.16008,0.16038,0.02,0.20
2015.06.05 13:19:39.540,0.16005,0.16039,0.22,0.04
2015.06.05 13:19:39.687,0.16007,0.16039,0.20,0.05
2015.06.05 13:19:40.103,0.16007,0.16041,0.15,0.20
2015.06.05 13:19:40.800,0.16007,0.16039,0.16,0.19
2015.06.05 13:19:41.360,0.16003,0.16035,0.25,0.21
2015.06.05 13:19:43.205,0.15998,0.16031,0.01,0.17
2015.06.05 13:19:43.306,0.16002,0.16036,0.24,0.19
2015.06.05 13:19:44.316,0.16001,0.16033,0.21,0.08
2015.06.05 13:19:44.717,0.16003,0.16035,0.17,0.19
2015.06.05 13:19:45.888,0.16002,0.16036,0.24,0.14
2015.06.05 13:19:46.823,0.16003,0.16037,0.21,0.20
2015.06.05 13:19:47.219,0.16008,0.1604,0.17,0.21
2015.06.05 13:19:48.350,0.16006,0.1604,0.18,0.11
2015.06.05 13:19:49.002,0.16007,0.16041,0.21,0.16
2015.06.05 13:19:52.008,0.16005,0.16039,0.05,0.16
2015.06.05 13:19:52.852,0.16007,0.16041,0.17,0.22
2015.06.05 13:19:56.219,0.16007,0.16039,0.05,0.20
2015.06.05 13:19:56.536,0.16006,0.16037,0.02,0.01
2015.06.05 13:19:57.061,0.16006,0.16036,0.02,0.20
2015.06.05 13:19:57.680,0.16002,0.16036,0.21,0.20
2015.06.05 13:20:03.196,0.16003,0.16036,0.02,0.20
2015.06.05 13:20:03.798,0.16003,0.16035,0.24,0.23
2015.06.05 13:20:03.849,0.16006,0.16038,0.05,0.18
2015.06.05 13:20:04.249,0.16004,0.16038,0.13,0.24
2015.06.05 13:20:04.751,0.16005,0.16039,0.12,0.25
2015.06.05 13:20:04.881,0.16007,0.16041,0.16,0.17
2015.06.05 13:20:09.615,0.1601,0.16044,0.05,0.20
2015.06.05 13:20:10.062,0.1601,0.16042,0.05,0.01
2015.06.05 13:20:10.113,0.16008,0.16042,0.18,0.11
2015.06.05 13:20:10.617,0.16007,0.16041,0.21,0.19
2015.06.05 13:20:11.220,0.16011,0.16043,0.08,0.23
2015.06.05 13:20:12.052,0.16008,0.16041,0.02,0.17
2015.06.05 13:20:13.967,0.16008,0.16042,0.18,0.23
2015.06.05 13:20:14.150,0.16011,0.16042,0.07,0.02
2015.06.05 13:20:14.201,0.16009,0.16041,0.19,0.21
2015.06.05 13:20:14.857,0.16008,0.16041,0.02,0.23
2015.06.05 13:20:15.588,0.16008,0.1604,0.23,0.21
2015.06.05 13:20:15.968,0.16008,0.16042,0.19,0.24
2015.06.05 13:20:16.542,0.16011,0.16043,0.06,0.19
2015.06.05 13:20:17.650,0.16008,0.16042,0.22,0.10
2015.06.05 13:20:17.743,0.16008,0.1604,0.19,0.17
2015.06.05 13:20:18.754,0.16006,0.16039,0.02,0.17
2015.06.05 13:20:19.353,0.16006,0.16038,0.19,0.22
2015.06.05 13:20:19.455,0.16007,0.16041,0.13,0.19
2015.06.05 13:20:20.058,0.16007,0.16039,0.07,0.22
2015.06.05 13:20:20.347,0.16007,0.16041,0.17,0.14
2015.06.05 13:20:21.057,0.16006,0.1604,0.21,0.22
2015.06.05 13:20:21.600,0.16005,0.16039,0.05,0.22
2015.06.05 13:20:22.460,0.16006,0.1604,0.21,0.17
2015.06.05 13:20:23.055,0.16007,0.16041,0.22,0.21
2015.06.05 13:20:28.012,0.16006,0.1604,0.05,0.15
2015.06.05 13:20:28.078,0.16003,0.16035,0.18,0.15
2015.06.05 13:20:28.182,0.16006,0.1604,0.17,0.09
2015.06.05 13:20:28.242,0.16006,0.16038,0.17,0.02
2015.06.05 13:20:28.621,0.16003,0.16035,0.19,0.19
2015.06.05 13:20:31.911,0.16001,0.16035,0.22,0.09
2015.06.05 13:20:33.756,0.16005,0.16035,0.02,0.06
2015.06.05 13:20:33.807,0.16005,0.16038,0.02,0.07
2015.06.05 13:20:33.918,0.16007,0.16041,0.16,0.16
2015.06.05 13:20:34.259,0.16005,0.16037,0.20,0.10
2015.06.05 13:20:34.771,0.16006,0.16038,0.05,0.20
2015.06.05 13:20:35.926,0.16005,0.16039,0.06,0.19
2015.06.05 13:20:36.270,0.16005,0.16037,0.13,0.21
2015.06.05 13:20:36.614,0.16002,0.16036,0.20,0.21
2015.06.05 13:20:37.343,0.16003,0.16035,0.18,0.18
2015.06.05 13:20:38.386,0.16002,0.16034,0.24,0.09
2015.06.05 13:20:40.703,0.16002,0.16032,0.24,0.01
2015.06.05 13:20:40.753,0.16,0.16032,0.19,0.25
2015.06.05 13:20:40.951,0.15997,0.16031,0.23,0.16
2015.06.05 13:20:41.503,0.15998,0.1603,0.22,0.21
2015.06.05 13:20:46.058,0.16002,0.16036,0.24,0.18
2015.06.05 13:20:46.673,0.16002,0.16034,0.17,0.13
2015.06.05 13:20:46.834,0.16,0.16034,0.26,0.08
2015.06.05 13:20:47.277,0.16,0.16031,0.01,0.19
2015.06.05 13:20:47.378,0.16001,0.16033,0.08,0.19
2015.06.05 13:20:47.871,0.16002,0.16036,0.19,0.16
2015.06.05 13:20:48.522,0.16003,0.16036,0.01,0.16
2015.06.05 13:20:49.221,0.16002,0.16036,0.19,0.16
2015.06.05 13:20:49.882,0.16003,0.16036,0.01,0.16
2015.06.05 13:20:50.544,0.16002,0.16036,0.19,0.16
2015.06.05 13:20:51.167,0.16002,0.16035,0.01,0.12
2015.06.05 13:20:51.704,0.16003,0.16035,0.22,0.20
2015.06.05 13:20:52.148,0.16005,0.16038,0.07,0.02
2015.06.05 13:20:52.668,0.16005,0.16039,0.06,0.19
2015.06.05 13:20:54.727,0.16007,0.16039,0.05,0.17
2015.06.05 13:20:54.777,0.16007,0.16041,0.11,0.18
2015.06.05 13:20:57.917,0.16008,0.1604,0.21,0.17
2015.06.05 13:20:59.091,0.16008,0.16042,0.18,0.15
2015.06.05 13:20:59.591,0.16007,0.16039,0.24,0.08
2015.06.05 13:21:00.121,0.16008,0.1604,0.21,0.19
2015.06.05 13:21:03.691,0.1601,0.16042,0.14,0.09
2015.06.05 13:21:04.205,0.16007,0.16041,0.20,0.21
2015.06.05 13:21:04.807,0.16007,0.1604,0.02,0.19
2015.06.05 13:21:05.489,0.16007,0.16041,0.20,0.16
2015.06.05 13:21:07.288,0.16007,0.16039,0.02,0.19
2015.06.05 13:21:07.896,0.16008,0.16039,0.02,0.02
2015.06.05 13:21:22.915,0.16008,0.16038,0.02,0.01
2015.06.05 13:21:22.982,0.16003,0.16036,0.03,0.23
2015.06.05 13:21:23.329,0.16006,0.16038,0.01,0.21
2015.06.05 13:21:23.387,0.16007,0.16041,0.20,0.14
2015.06.05 13:21:24.429,0.16003,0.16036,0.02,0.19
2015.06.05 13:21:24.979,0.16004,0.16036,0.01,0.19
2015.06.05 13:21:25.029,0.16005,0.16039,0.20,0.05
2015.06.05 13:21:25.536,0.16006,0.16038,0.07,0.17
2015.06.05 13:21:25.916,0.16008,0.1604,0.20,0.17
2015.06.05 13:21:26.490,0.16006,0.16038,0.22,0.05
2015.06.05 13:21:27.029,0.16007,0.16039,0.17,0.06
2015.06.05 13:22:03.305,0.16008,0.16039,0.02,0.04
2015.06.05 13:22:05.031,0.16007,0.16037,0.02,0.01
2015.06.05 13:22:05.256,0.16003,0.16036,0.02,0.18
2015.06.05 13:22:05.533,0.16005,0.16037,0.04,0.02
2015.06.05 13:22:06.235,0.16006,0.16037,0.06,0.02
2015.06.05 13:22:06.305,0.16003,0.16036,0.02,0.13
2015.06.05 13:22:06.737,0.16005,0.16037,0.07,0.02
2015.06.05 13:22:07.148,0.16005,0.16035,0.02,0.16
2015.06.05 13:22:07.509,0.16008,0.16038,0.02,0.07
2015.06.05 13:22:08.038,0.16009,0.16039,0.02,0.13
2015.06.05 13:22:09.390,0.16009,0.16039,0.02,0.25
2015.06.05 13:22:12.419,0.16005,0.16035,0.02,0.23
2015.06.05 13:22:13.070,0.16006,0.16036,0.02,0.18
2015.06.05 13:22:16.129,0.16003,0.16036,0.02,0.18
2015.06.05 13:22:20.754,0.16003,0.16035,0.02,0.17
2015.06.05 13:22:22.260,0.16012,0.16042,0.02,0.30
2015.06.05 13:22:23.165,0.16009,0.16039,0.02,0.26
2015.06.05 13:22:23.265,0.16004,0.16034,0.02,0.26
2015.06.05 13:22:23.583,0.16004,0.16034,0.02,0.26
2015.06.05 13:22:23.959,0.15999,0.16031,0.02,0.16
2015.06.05 13:22:24.661,0.15999,0.16029,0.02,0.15
2015.06.05 13:22:25.250,0.15998,0.16028,0.02,0.21
2015.06.05 13:22:25.304,0.15996,0.16028,0.07,0.21
2015.06.05 13:22:25.997,0.15997,0.1603,0.21,0.02
2015.06.05 13:22:26.680,0.16,0.1603,0.08,0.02
2015.06.05 13:22:27.250,0.16,0.16034,0.10,0.21
2015.06.05 13:22:27.470,0.16002,0.16034,0.05,0.15
2015.06.05 13:22:27.580,0.16,0.16034,0.08,0.17
2015.06.05 13:22:27.960,0.16003,0.16035,0.18,0.22
2015.06.05 13:22:30.515,0.16004,0.16035,0.23,0.02
2015.06.05 13:22:30.615,0.16006,0.16038,0.05,0.18
2015.06.05 13:22:31.182,0.16006,0.16038,0.05,0.18
2015.06.05 13:22:31.688,0.16005,0.16039,0.07,0.20
2015.06.05 13:22:32.214,0.16005,0.16035,0.02,0.14
2015.06.05 13:22:32.709,0.16006,0.16038,0.05,0.20
2015.06.05 13:22:33.210,0.16005,0.16035,0.02,0.18
2015.06.05 13:22:33.519,0.16003,0.16035,0.20,0.18
2015.06.05 13:22:33.813,0.16004,0.16038,0.18,0.14
2015.06.05 13:22:34.515,0.16005,0.16039,0.06,0.15
2015.06.05 13:22:34.823,0.16007,0.16039,0.04,0.20
2015.06.05 13:22:35.119,0.16002,0.16036,0.23,0.17
2015.06.05 13:22:35.679,0.16003,0.16035,0.26,0.19
2015.06.05 13:22:40.843,0.16003,0.16037,0.14,0.18
2015.06.05 13:22:41.171,0.16007,0.16041,0.14,0.20
2015.06.05 13:22:41.496,0.16007,0.16037,0.14,0.01
2015.06.05 13:22:41.596,0.16004,0.16036,0.02,0.21
2015.06.05 13:22:41.752,0.16007,0.16041,0.23,0.19
2015.06.05 13:22:42.301,0.16006,0.1604,0.22,0.09
2015.06.05 13:22:42.908,0.16007,0.16041,0.16,0.20
2015.06.05 13:22:44.254,0.16011,0.16043,0.22,0.08
2015.06.05 13:22:44.621,0.16009,0.16042,0.19,0.02
2015.06.05 13:22:45.196,0.1601,0.16042,0.25,0.02
2015.06.05 13:22:45.301,0.16008,0.16042,0.04,0.15
2015.06.05 13:22:45.403,0.1601,0.16042,0.21,0.16
2015.06.05 13:22:45.807,0.16013,0.16045,0.15,0.19
2015.06.05 13:22:46.111,0.16008,0.1604,0.20,0.16
2015.06.05 13:22:46.514,0.16011,0.16043,0.22,0.18
2015.06.05 13:22:46.615,0.16011,0.16045,0.22,0.22
2015.06.05 13:22:47.362,0.16007,0.16041,0.21,0.22
2015.06.05 13:22:49.027,0.16007,0.16037,0.21,0.02
2015.06.05 13:22:49.140,0.16005,0.16037,0.23,0.13
2015.06.05 13:22:49.250,0.16003,0.16035,0.15,0.18
2015.06.05 13:22:51.037,0.16008,0.16038,0.19,0.02
2015.06.05 13:22:51.087,0.16008,0.1604,0.19,0.17
2015.06.05 13:22:52.147,0.16007,0.16041,0.20,0.18
2015.06.05 13:22:55.477,0.16007,0.16039,0.21,0.09
2015.06.05 13:22:57.857,0.16006,0.1604,0.14,0.15
2015.06.05 13:22:58.349,0.16006,0.16038,0.07,0.16
2015.06.05 13:23:00.054,0.16005,0.16039,0.19,0.23
2015.06.05 13:23:01.608,0.16006,0.16038,0.07,0.19
2015.06.05 13:23:02.169,0.16003,0.16036,0.02,0.20
2015.06.05 13:23:02.728,0.16002,0.16036,0.20,0.20
2015.06.05 13:23:13.735,0.16005,0.16038,0.05,0.01
2015.06.05 13:23:14.354,0.16005,0.16039,0.09,0.21
2015.06.05 13:23:14.800,0.16012,0.16042,0.02,0.25
2015.06.05 13:23:16.025,0.16014,0.16044,0.02,0.23
2015.06.05 13:23:18.237,0.16006,0.16038,0.20,0.07
2015.06.05 13:23:18.347,0.16012,0.16042,0.02,0.21
2015.06.05 13:23:22.129,0.16006,0.16036,0.02,0.19
2015.06.05 13:23:22.749,0.16008,0.16038,0.02,0.22
2015.06.05 13:23:24.739,0.16007,0.16037,0.02,0.19
2015.06.05 13:23:24.890,0.16008,0.16038,0.02,0.27
2015.06.05 13:23:25.174,0.1601,0.1604,0.02,0.30
2015.06.05 13:23:25.811,0.16005,0.16035,0.02,0.06
2015.06.05 13:23:26.695,0.16007,0.16037,0.02,0.04
2015.06.05 13:23:30.424,0.16004,0.16034,0.02,0.16
2015.06.05 13:23:31.567,0.16006,0.16036,0.02,0.20
2015.06.05 13:23:31.669,0.16009,0.16039,0.02,0.27
2015.06.05 13:23:33.981,0.16008,0.16038,0.02,0.26
2015.06.05 13:23:38.361,0.15994,0.16024,0.23,0.02
2015.06.05 13:23:38.448,0.15994,0.16024,0.21,0.02
2015.06.05 13:23:38.599,0.16001,0.16031,0.02,0.24
2015.06.05 13:23:38.807,0.16001,0.16031,0.02,0.24
2015.06.05 13:23:39.737,0.16,0.1603,0.02,0.18
2015.06.05 13:23:40.297,0.16003,0.16033,0.02,0.09
2015.06.05 13:23:40.661,0.16007,0.16037,0.02,0.18
2015.06.05 13:23:40.789,0.16008,0.16038,0.02,0.26
2015.06.05 13:23:42.135,0.16007,0.16037,0.02,0.22
2015.06.05 13:23:42.638,0.16004,0.16034,0.02,0.10
2015.06.05 13:23:44.422,0.16006,0.16036,0.02,0.24
2015.06.05 13:23:44.485,0.16002,0.16034,0.22,0.12
2015.06.05 13:23:44.868,0.16,0.1603,0.02,0.25
2015.06.05 13:23:47.413,0.15996,0.16026,0.02,0.02
2015.06.05 13:23:47.754,0.16,0.1603,0.02,0.14
2015.06.05 13:23:55.677,0.15997,0.16029,0.15,0.22
2015.06.05 13:23:55.730,0.15997,0.16029,0.15,0.22
2015.06.05 13:23:56.079,0.16002,0.16032,0.02,0.27
2015.06.05 13:23:56.880,0.16,0.1603,0.02,0.25
2015.06.05 13:23:57.534,0.15995,0.16025,0.02,0.20
2015.06.05 13:24:02.468,0.15998,0.16028,0.02,0.24
2015.06.05 13:24:04.907,0.15993,0.16025,0.16,0.20
2015.06.05 13:24:05.706,0.15992,0.16024,0.17,0.23
2015.06.05 13:24:06.367,0.15991,0.16025,0.17,0.22
2015.06.05 13:24:06.534,0.15991,0.16025,0.17,0.23
2015.06.05 13:24:06.868,0.15988,0.16022,0.15,0.11
2015.06.05 13:24:07.538,0.15988,0.16021,0.15,0.01
2015.06.05 13:24:07.978,0.15991,0.16023,0.19,0.27
2015.06.05 13:24:08.493,0.15992,0.16023,0.02,0.02
2015.06.05 13:24:09.116,0.15992,0.16024,0.17,0.20
2015.06.05 13:24:09.647,0.15991,0.16022,0.15,0.01
2015.06.05 13:24:10.180,0.1599,0.16022,0.17,0.07
2015.06.05 13:24:10.711,0.15988,0.16022,0.19,0.12
2015.06.05 13:24:11.615,0.15989,0.16022,0.19,0.01
2015.06.05 13:24:12.120,0.15989,0.16023,0.19,0.07
2015.06.05 13:24:12.460,0.15991,0.16025,0.17,0.22
2015.06.05 13:24:14.879,0.15991,0.16025,0.17,0.22
2015.06.05 13:24:16.084,0.1599,0.16022,0.15,0.17
2015.06.05 13:24:17.474,0.15991,0.16025,0.05,0.21
2015.06.05 13:24:18.163,0.15992,0.16025,0.02,0.02
2015.06.05 13:24:19.722,0.15989,0.16021,0.18,0.18
2015.06.05 13:24:20.050,0.1599,0.1602,0.02,0.03
2015.06.05 13:24:25.256,0.15989,0.16019,0.15,0.01
2015.06.05 13:24:25.622,0.15987,0.16017,0.19,0.02
2015.06.05 13:24:26.133,0.15988,0.16019,0.05,0.01
2015.06.05 13:24:26.744,0.15989,0.16019,0.17,0.01
2015.06.05 13:24:27.329,0.15988,0.16018,0.17,0.01
2015.06.05 13:24:27.831,0.15988,0.16019,0.15,0.01
2015.06.05 13:24:28.634,0.15988,0.1602,0.15,0.16
2015.06.05 13:24:29.218,0.15988,0.16019,0.21,0.01
2015.06.05 13:24:29.839,0.15987,0.16018,0.21,0.01
2015.06.05 13:24:30.386,0.15987,0.16019,0.21,0.01
2015.06.05 13:24:31.657,0.15987,0.16021,0.21,0.09
2015.06.05 13:24:31.767,0.15989,0.16019,0.19,0.01
2015.06.05 13:24:32.028,0.15987,0.16019,0.19,0.01
2015.06.05 13:24:32.219,0.15989,0.16019,0.23,0.01
2015.06.05 13:24:32.349,0.15989,0.16021,0.23,0.22
2015.06.05 13:24:32.466,0.15989,0.16023,0.21,0.10
2015.06.05 13:24:35.458,0.15992,0.16025,0.02,0.02
2015.06.05 13:24:36.029,0.15993,0.16025,0.15,0.21
2015.06.05 13:24:36.549,0.15992,0.16026,0.14,0.18
2015.06.05 13:24:36.965,0.15992,0.16026,0.14,0.18
2015.06.05 13:24:37.658,0.15992,0.16023,0.20,0.01
2015.06.05 13:24:37.759,0.15993,0.16025,0.16,0.19
2015.06.05 13:24:37.963,0.15993,0.16027,0.05,0.25
2015.06.05 13:24:38.685,0.15992,0.16026,0.12,0.22
2015.06.05 13:24:39.078,0.15992,0.16024,0.12,0.01
2015.06.05 13:24:39.244,0.1599,0.16024,0.20,0.14
2015.06.05 13:24:39.784,0.1599,0.16023,0.20,0.01
2015.06.05 13:24:40.387,0.1599,0.16024,0.20,0.14
2015.06.05 13:24:41.634,0.1599,0.16023,0.20,0.01
2015.06.05 13:24:41.684,0.15989,0.16021,0.27,0.25
2015.06.05 13:24:42.584,0.1599,0.16022,0.22,0.15
2015.06.05 13:24:43.899,0.15988,0.16022,0.20,0.23
2015.06.05 13:24:44.591,0.15989,0.16022,0.18,0.01
2015.06.05 13:24:45.517,0.15989,0.16023,0.18,0.16
2015.06.05 13:24:52.351,0.15989,0.16019,0.18,0.01
2015.06.05 13:24:52.916,0.15989,0.1602,0.19,0.01
2015.06.05 13:24:53.104,0.15987,0.16019,0.22,0.01
2015.06.05 13:24:53.710,0.15987,0.16018,0.22,0.01
2015.06.05 13:24:54.359,0.15987,0.16019,0.22,0.01
2015.06.05 13:24:54.961,0.15987,0.16018,0.22,0.01
2015.06.05 13:24:56.868,0.15987,0.16019,0.22,0.01
2015.06.05 13:24:57.420,0.15987,0.16018,0.22,0.01
2015.06.05 13:24:58.675,0.15987,0.16019,0.22,0.01
2015.06.05 13:24:59.177,0.15987,0.16018,0.22,0.01
2015.06.05 13:24:59.984,0.15987,0.16021,0.22,0.19
2015.06.05 13:25:00.135,0.15989,0.16023,0.16,0.17
2015.06.05 13:25:01.138,0.15988,0.16022,0.17,0.15
2015.06.05 13:25:01.460,0.15988,0.16018,0.08,0.01
2015.06.05 13:25:01.511,0.15989,0.16021,0.17,0.25
2015.06.05 13:25:02.116,0.15989,0.16023,0.20,0.18
2015.06.05 13:25:02.291,0.15989,0.16021,0.20,0.01
2015.06.05 13:25:03.610,0.15988,0.16021,0.13,0.02
2015.06.05 13:25:04.554,0.15988,0.16019,0.13,0.01
2015.06.05 13:25:05.164,0.15988,0.16018,0.15,0.01
2015.06.05 13:25:06.512,0.15988,0.16019,0.14,0.01
2015.06.05 13:25:07.624,0.15988,0.16018,0.14,0.01
2015.06.05 13:25:08.321,0.15988,0.16019,0.14,0.01
2015.06.05 13:25:10.056,0.15988,0.16018,0.14,0.01
2015.06.05 13:25:10.330,0.15987,0.16021,0.20,0.16
2015.06.05 13:25:10.380,0.15989,0.16021,0.20,0.26
2015.06.05 13:25:10.800,0.15987,0.16021,0.15,0.05
2015.06.05 13:25:11.589,0.15989,0.16022,0.21,0.01
2015.06.05 13:25:12.126,0.15988,0.16022,0.15,0.19
2015.06.05 13:25:12.645,0.15988,0.16021,0.15,0.01
2015.06.05 13:25:13.564,0.15988,0.16019,0.06,0.01
2015.06.05 13:25:13.665,0.15989,0.16021,0.17,0.20
2015.06.05 13:25:13.754,0.15989,0.16019,0.17,0.01
2015.06.05 13:25:14.047,0.15989,0.16021,0.08,0.23
2015.06.05 13:25:14.505,0.15988,0.16021,0.20,0.02
2015.06.05 13:25:15.586,0.15988,0.16021,0.20,0.02
2015.06.05 13:25:15.913,0.1599,0.16022,0.25,0.15
2015.06.05 13:25:16.575,0.15988,0.16022,0.14,0.21
2015.06.05 13:25:17.082,0.15989,0.16023,0.07,0.21
2015.06.05 13:25:22.623,0.15989,0.16022,0.07,0.01
2015.06.05 13:25:23.264,0.15989,0.16023,0.07,0.19
2015.06.05 13:25:25.071,0.15992,0.16024,0.19,0.19
2015.06.05 13:25:25.121,0.1599,0.16024,0.11,0.22
2015.06.05 13:25:25.317,0.1599,0.16022,0.15,0.18
2015.06.05 13:25:26.214,0.1599,0.16024,0.19,0.22
2015.06.05 13:25:26.461,0.15989,0.16021,0.15,0.09
2015.06.05 13:25:27.121,0.1599,0.16023,0.02,0.02
2015.06.05 13:25:27.330,0.15992,0.16024,0.05,0.21
2015.06.05 13:25:27.431,0.15991,0.16025,0.18,0.16
2015.06.05 13:25:27.672,0.1599,0.16023,0.02,0.02
2015.06.05 13:25:28.436,0.15991,0.16023,0.15,0.22
2015.06.05 13:25:28.776,0.15989,0.16021,0.14,0.18
2015.06.05 13:25:28.827,0.15989,0.16023,0.19,0.16
2015.06.05 13:25:29.128,0.15991,0.16025,0.22,0.24
2015.06.05 13:25:29.631,0.15992,0.16024,0.07,0.18
2015.06.05 13:25:30.074,0.15989,0.16021,0.18,0.07
2015.06.05 13:25:30.732,0.1599,0.16022,0.20,0.16
2015.06.05 13:25:30.833,0.15991,0.16024,0.08,0.01
2015.06.05 13:25:31.409,0.1599,0.16024,0.05,0.20
2015.06.05 13:25:31.930,0.15991,0.16025,0.06,0.20
2015.06.05 13:25:32.036,0.15988,0.16022,0.21,0.05
2015.06.05 13:25:32.137,0.1599,0.16022,0.19,0.17
2015.06.05 13:25:33.476,0.15987,0.16021,0.19,0.08
2015.06.05 13:25:33.943,0.15989,0.16021,0.19,0.10
2015.06.05 13:25:36.197,0.15988,0.1602,0.18,0.20
2015.06.05 13:25:37.251,0.15987,0.16021,0.23,0.10
2015.06.05 13:25:38.019,0.15988,0.1602,0.09,0.21
2015.06.05 13:25:38.679,0.15987,0.1602,0.23,0.02
2015.06.05 13:25:40.071,0.15988,0.1602,0.24,0.10
2015.06.05 13:25:40.615,0.15987,0.16021,0.18,0.04
2015.06.05 13:25:41.123,0.15989,0.16022,0.05,0.01
2015.06.05 13:25:41.632,0.15989,0.16023,0.05,0.21
2015.06.05 13:25:42.206,0.15989,0.16022,0.05,0.01
2015.06.05 13:25:43.120,0.15989,0.16021,0.15,0.20
2015.06.05 13:25:43.642,0.15988,0.1602,0.17,0.22
2015.06.05 13:25:44.293,0.15986,0.1602,0.19,0.08
2015.06.05 13:25:44.585,0.15988,0.1602,0.22,0.07
2015.06.05 13:25:45.103,0.15988,0.16019,0.02,0.02
2015.06.05 13:25:45.889,0.15987,0.16021,0.14,0.18
2015.06.05 13:25:46.892,0.1599,0.16022,0.08,0.25
2015.06.05 13:25:51.444,0.15993,0.16023,0.14,0.02
2015.06.05 13:25:53.223,0.15993,0.16025,0.14,0.21
2015.06.05 13:26:00.330,0.15995,0.16028,0.19,0.02
2015.06.05 13:26:01.018,0.15995,0.16027,0.22,0.06
2015.06.05 13:26:01.296,0.15996,0.1603,0.06,0.20
2015.06.05 13:26:01.645,0.15998,0.1603,0.14,0.18
2015.06.05 13:26:01.803,0.15994,0.16028,0.21,0.22
2015.06.05 13:26:02.106,0.15997,0.16029,0.15,0.16
2015.06.05 13:26:02.207,0.15997,0.16031,0.02,0.17
2015.06.05 13:26:02.911,0.15996,0.16029,0.02,0.02
2015.06.05 13:26:04.314,0.15996,0.1603,0.16,0.13
2015.06.05 13:26:04.622,0.15993,0.16025,0.19,0.05
2015.06.05 13:26:07.247,0.15996,0.16028,0.12,0.02
2015.06.05 13:26:07.824,0.15994,0.16026,0.18,0.16
2015.06.05 13:26:08.550,0.15994,0.16028,0.05,0.17
2015.06.05 13:26:08.650,0.15993,0.16025,0.18,0.16
2015.06.05 13:26:09.474,0.15994,0.16026,0.12,0.18
2015.06.05 13:26:09.855,0.15992,0.16024,0.14,0.23
2015.06.05 13:26:10.057,0.1599,0.16024,0.17,0.21
2015.06.05 13:26:10.159,0.15992,0.16024,0.15,0.20
2015.06.05 13:26:10.693,0.15991,0.16023,0.23,0.11
2015.06.05 13:26:11.236,0.1599,0.16024,0.19,0.14
2015.06.05 13:26:11.867,0.15993,0.16025,0.22,0.16
2015.06.05 13:26:13.371,0.15994,0.16026,0.21,0.14
2015.06.05 13:26:13.572,0.15995,0.16028,0.02,0.04
2015.06.05 13:26:13.723,0.15996,0.1603,0.13,0.23
2015.06.05 13:26:13.773,0.15995,0.16027,0.14,0.08
2015.06.05 13:26:14.146,0.15995,0.16029,0.16,0.16
2015.06.05 13:26:14.648,0.15996,0.16027,0.02,0.02
2015.06.05 13:26:14.848,0.15994,0.16028,0.12,0.14
2015.06.05 13:26:15.694,0.15995,0.16029,0.19,0.16
2015.06.05 13:26:15.750,0.15995,0.16027,0.26,0.19
2015.06.05 13:26:15.850,0.15995,0.16029,0.16,0.22
2015.06.05 13:26:15.951,0.15997,0.16031,0.08,0.18
2015.06.05 13:26:16.566,0.15995,0.16027,0.08,0.22
2015.06.05 13:26:17.354,0.15996,0.1603,0.08,0.21
2015.06.05 13:26:17.646,0.15995,0.16027,0.17,0.20
2015.06.05 13:26:17.803,0.15995,0.16029,0.05,0.19
2015.06.05 13:26:18.489,0.15995,0.16027,0.20,0.16
2015.06.05 13:26:19.584,0.15993,0.16027,0.19,0.20
2015.06.05 13:26:20.103,0.15994,0.16028,0.24,0.19
2015.06.05 13:26:21.498,0.15995,0.16029,0.20,0.22
2015.06.05 13:26:22.602,0.15996,0.16028,0.13,0.24
2015.06.05 13:26:24.579,0.15995,0.16027,0.17,0.18
2015.06.05 13:26:25.117,0.15992,0.16024,0.17,0.14
2015.06.05 13:26:25.715,0.15993,0.16025,0.18,0.11
2015.06.05 13:26:31.603,0.15996,0.16027,0.21,0.02
2015.06.05 13:26:32.218,0.15995,0.16027,0.21,0.21
2015.06.05 13:26:32.923,0.15994,0.16028,0.20,0.16
2015.06.05 13:26:33.245,0.15997,0.16029,0.10,0.17
2015.06.05 13:26:33.495,0.15995,0.16028,0.02,0.02
2015.06.05 13:26:34.216,0.15996,0.16027,0.02,0.02
2015.06.05 13:26:34.297,0.15997,0.16029,0.13,0.19
2015.06.05 13:26:34.876,0.15996,0.16028,0.12,0.19
2015.06.05 13:26:35.400,0.15995,0.16027,0.19,0.15
2015.06.05 13:26:35.767,0.16001,0.16031,0.02,0.21
2015.06.05 13:26:36.360,0.16,0.1603,0.02,0.17
2015.06.05 13:26:36.410,0.15997,0.16027,0.02,0.02
2015.06.05 13:26:36.654,0.15998,0.16028,0.02,0.22
2015.06.05 13:26:37.544,0.15994,0.16024,0.02,0.12
2015.06.05 13:26:38.809,0.15995,0.16025,0.02,0.21
2015.06.05 13:26:39.736,0.15999,0.16029,0.02,0.21
2015.06.05 13:26:39.786,0.15998,0.16028,0.02,0.16
2015.06.05 13:26:40.002,0.15997,0.16027,0.02,0.18
2015.06.05 13:26:49.906,0.15999,0.16029,0.02,0.19
2015.06.05 13:26:50.263,0.15998,0.16028,0.02,0.06
2015.06.05 13:26:50.971,0.15995,0.16025,0.02,0.16
2015.06.05 13:26:52.051,0.16001,0.16031,0.02,0.23
2015.06.05 13:26:53.009,0.15999,0.16029,0.02,0.21
2015.06.05 13:26:53.064,0.15995,0.16025,0.02,0.11
2015.06.05 13:26:55.382,0.15996,0.16026,0.02,0.17
2015.06.05 13:26:55.706,0.15996,0.16026,0.02,0.12
2015.06.05 13:26:56.709,0.15999,0.16029,0.02,0.25
2015.06.05 13:26:56.810,0.16001,0.16031,0.02,0.24
2015.06.05 13:26:57.352,0.15998,0.16028,0.02,0.20
2015.06.05 13:26:59.755,0.16001,0.16031,0.02,0.26
2015.06.05 13:27:00.983,0.16,0.1603,0.02,0.18
2015.06.05 13:27:02.525,0.15999,0.16029,0.02,0.16
2015.06.05 13:27:03.131,0.15998,0.16028,0.02,0.18
2015.06.05 13:27:03.182,0.16,0.1603,0.02,0.18
2015.06.05 13:27:03.493,0.15999,0.16029,0.02,0.17
2015.06.05 13:27:03.803,0.15997,0.16027,0.02,0.21
2015.06.05 13:27:04.292,0.15999,0.16029,0.02,0.23
2015.06.05 13:27:04.443,0.15995,0.16025,0.02,0.24
2015.06.05 13:27:06.456,0.15996,0.16026,0.02,0.21
2015.06.05 13:27:07.524,0.15995,0.16025,0.02,0.19
2015.06.05 13:27:07.854,0.15993,0.16023,0.02,0.20
2015.06.05 13:27:09.868,0.16,0.1603,0.02,0.31
2015.06.05 13:27:09.962,0.15993,0.16023,0.02,0.17
2015.06.05 13:27:10.143,0.15997,0.16027,0.02,0.20
2015.06.05 13:27:10.314,0.15995,0.16025,0.02,0.21
2015.06.05 13:27:10.930,0.15994,0.16024,0.02,0.10
2015.06.05 13:27:11.589,0.15996,0.16026,0.02,0.19
2015.06.05 13:27:13.406,0.15995,0.16025,0.02,0.24
2015.06.05 13:27:16.251,0.15995,0.16025,0.02,0.19
2015.06.05 13:27:16.605,0.15994,0.16024,0.02,0.22
2015.06.05 13:27:17.218,0.15995,0.16025,0.02,0.14
2015.06.05 13:27:20.933,0.15996,0.16026,0.02,0.20
2015.06.05 13:27:21.483,0.15995,0.16025,0.02,0.13
2015.06.05 13:27:22.104,0.15996,0.16026,0.02,0.12
2015.06.05 13:27:23.393,0.15997,0.16027,0.02,0.09
2015.06.05 13:27:23.951,0.15995,0.16025,0.02,0.18
2015.06.05 13:27:24.464,0.15996,0.16026,0.02,0.17
2015.06.05 13:27:25.179,0.15997,0.16027,0.02,0.15
2015.06.05 13:27:25.502,0.15996,0.16026,0.02,0.02
2015.06.05 13:27:26.085,0.15998,0.16028,0.02,0.07
2015.06.05 13:27:26.406,0.15995,0.16025,0.19,0.02
2015.06.05 13:27:28.463,0.15999,0.16029,0.02,0.27
2015.06.05 13:27:28.841,0.15995,0.16025,0.02,0.02
2015.06.05 13:27:31.578,0.15997,0.16027,0.02,0.21
2015.06.05 13:27:32.130,0.15995,0.16025,0.02,0.18
2015.06.05 13:27:33.643,0.16,0.1603,0.02,0.21
2015.06.05 13:27:33.748,0.15995,0.16025,0.02,0.24
2015.06.05 13:27:34.983,0.15998,0.16028,0.02,0.26
2015.06.05 13:27:35.033,0.15993,0.16023,0.02,0.20
2015.06.05 13:27:35.084,0.15995,0.16025,0.02,0.27
2015.06.05 13:27:35.606,0.15994,0.16024,0.02,0.23
2015.06.05 13:27:36.127,0.15995,0.16025,0.02,0.26
2015.06.05 13:27:40.497,0.15996,0.16026,0.02,0.19
2015.06.05 13:27:41.175,0.15995,0.16025,0.02,0.24
2015.06.05 13:27:44.050,0.15996,0.16026,0.02,0.23
2015.06.05 13:27:44.633,0.15999,0.16029,0.02,0.25
2015.06.05 13:27:44.872,0.15997,0.16027,0.02,0.20
2015.06.05 13:27:45.493,0.15996,0.16026,0.02,0.13
2015.06.05 13:27:45.659,0.16002,0.16032,0.02,0.25
2015.06.05 13:27:45.760,0.15998,0.16028,0.02,0.21
2015.06.05 13:27:46.991,0.15997,0.16027,0.02,0.15
2015.06.05 13:27:47.540,0.16001,0.16031,0.02,0.24
2015.06.05 13:27:47.868,0.15999,0.16029,0.02,0.21
2015.06.05 13:27:50.162,0.15999,0.16029,0.02,0.19
2015.06.05 13:27:50.670,0.15995,0.16025,0.02,0.16
2015.06.05 13:27:50.927,0.15996,0.16026,0.02,0.24
2015.06.05 13:27:51.028,0.15992,0.16022,0.02,0.17
2015.06.05 13:27:51.597,0.15994,0.16024,0.02,0.01
2015.06.05 13:27:54.202,0.15993,0.16023,0.02,0.26
2015.06.05 13:27:55.960,0.1599,0.16022,0.19,0.17
2015.06.05 13:27:56.383,0.15988,0.16018,0.02,0.01
2015.06.05 13:27:56.698,0.15988,0.16022,0.23,0.11
2015.06.05 13:27:56.799,0.15988,0.1602,0.15,0.06
2015.06.05 13:27:57.145,0.15992,0.16022,0.02,0.01
2015.06.05 13:27:57.759,0.15991,0.16021,0.02,0.03
2015.06.05 13:27:58.097,0.15993,0.16023,0.02,0.06
2015.06.05 13:27:58.613,0.15989,0.16021,0.16,0.24
2015.06.05 13:27:59.272,0.1599,0.16022,0.09,0.21
2015.06.05 13:28:00.301,0.15989,0.16021,0.16,0.12
2015.06.05 13:28:02.217,0.15989,0.1602,0.16,0.01
2015.06.05 13:28:02.318,0.15987,0.16018,0.18,0.01
2015.06.05 13:28:02.659,0.15988,0.16022,0.02,0.20
2015.06.05 13:28:02.709,0.15992,0.16022,0.02,0.16
2015.06.05 13:28:03.739,0.15989,0.1602,0.02,0.02
2015.06.05 13:28:03.790,0.1599,0.1602,0.02,0.02
2015.06.05 13:28:04.506,0.15989,0.16019,0.02,0.03
2015.06.05 13:28:04.606,0.15991,0.16021,0.02,0.02
2015.06.05 13:28:05.211,0.15996,0.16026,0.02,0.28
2015.06.05 13:28:05.623,0.1599,0.1602,0.02,0.04
2015.06.05 13:28:05.724,0.15993,0.16023,0.02,0.25
2015.06.05 13:28:06.276,0.15992,0.16022,0.02,0.17
2015.06.05 13:28:15.303,0.15993,0.16023,0.02,0.21
2015.06.05 13:28:15.353,0.16,0.1603,0.02,0.27
2015.06.05 13:28:15.404,0.15995,0.16025,0.02,0.20
2015.06.05 13:28:15.540,0.15995,0.16025,0.02,0.22
2015.06.05 13:28:15.990,0.15997,0.16027,0.02,0.21
2015.06.05 13:28:16.097,0.15992,0.16022,0.02,0.02
2015.06.05 13:28:16.248,0.15994,0.16024,0.02,0.23
2015.06.05 13:28:17.349,0.15993,0.16023,0.02,0.24
2015.06.05 13:28:18.852,0.15991,0.16024,0.02,0.04
2015.06.05 13:28:19.394,0.1599,0.16023,0.18,0.01
2015.06.05 13:28:20.122,0.15991,0.16022,0.02,0.02
2015.06.05 13:28:22.396,0.15994,0.16024,0.02,0.29
2015.06.05 13:28:24.116,0.15989,0.16019,0.21,0.02
2015.06.05 13:28:25.118,0.15993,0.16023,0.02,0.02
2015.06.05 13:28:25.770,0.15992,0.16022,0.02,0.25
2015.06.05 13:28:25.880,0.15993,0.16023,0.02,0.17
2015.06.05 13:28:26.062,0.15991,0.16021,0.02,0.02
2015.06.05 13:28:26.623,0.15994,0.16024,0.02,0.31
2015.06.05 13:28:27.149,0.15992,0.16022,0.02,0.21
2015.06.05 13:28:29.911,0.15994,0.16024,0.02,0.31
2015.06.05 13:28:30.160,0.15994,0.16024,0.02,0.25
2015.06.05 13:28:35.319,0.15994,0.16024,0.02,0.21
2015.06.05 13:28:35.882,0.15993,0.16023,0.02,0.17
2015.06.05 13:28:36.548,0.15993,0.16023,0.02,0.25
2015.06.05 13:28:36.944,0.15996,0.16026,0.02,0.23
2015.06.05 13:28:37.653,0.15994,0.16024,0.02,0.26
2015.06.05 13:28:39.158,0.15997,0.16027,0.02,0.24
2015.06.05 13:28:39.677,0.15995,0.16025,0.02,0.08
2015.06.05 13:28:40.093,0.15992,0.16022,0.02,0.12
2015.06.05 13:28:40.617,0.15992,0.16022,0.02,0.20
2015.06.05 13:28:43.598,0.15994,0.16024,0.02,0.27
2015.06.05 13:28:45.029,0.15991,0.16021,0.02,0.02
2015.06.05 13:28:45.230,0.15993,0.16023,0.02,0.17
2015.06.05 13:28:45.665,0.15992,0.16022,0.02,0.02
2015.06.05 13:28:45.715,0.15992,0.16022,0.02,0.24
2015.06.05 13:28:45.766,0.15991,0.16021,0.02,0.27
2015.06.05 13:28:46.569,0.15989,0.16019,0.02,0.02
2015.06.05 13:28:46.670,0.15991,0.16021,0.02,0.25
2015.06.05 13:28:46.972,0.1599,0.1602,0.02,0.04
2015.06.05 13:28:47.073,0.15992,0.16022,0.02,0.25
2015.06.05 13:28:47.276,0.15988,0.16018,0.21,0.02
2015.06.05 13:28:47.620,0.15987,0.16017,0.23,0.03
2015.06.05 13:28:48.092,0.15988,0.16018,0.02,0.01
2015.06.05 13:28:48.959,0.15986,0.16016,0.22,0.02
2015.06.05 13:28:49.026,0.15983,0.16013,0.02,0.08
2015.06.05 13:28:49.077,0.15984,0.16014,0.02,0.21
2015.06.05 13:28:53.012,0.15984,0.16014,0.02,0.25
2015.06.05 13:28:54.011,0.15984,0.16014,0.02,0.23
2015.06.05 13:28:54.262,0.15988,0.16018,0.02,0.14
2015.06.05 13:28:56.468,0.15989,0.16019,0.02,0.25
2015.06.05 13:28:57.423,0.15987,0.16017,0.02,0.02
2015.06.05 13:28:58.108,0.15987,0.16017,0.02,0.08
2015.06.05 13:28:58.696,0.15988,0.16018,0.02,0.17
2015.06.05 13:28:59.065,0.15985,0.16015,0.02,0.19
2015.06.05 13:28:59.367,0.15988,0.16018,0.02,0.18
2015.06.05 13:29:01.044,0.15986,0.16016,0.02,0.02
2015.06.05 13:29:01.637,0.15989,0.16019,0.02,0.21
2015.06.05 13:29:01.954,0.15987,0.16017,0.02,0.02
2015.06.05 13:29:02.055,0.15982,0.16012,0.20,0.02
2015.06.05 13:29:03.041,0.15984,0.16014,0.02,0.02
2015.06.05 13:29:03.166,0.15985,0.16015,0.02,0.21
2015.06.05 13:29:03.812,0.15988,0.16018,0.02,0.23
2015.06.05 13:29:04.145,0.15982,0.16012,0.22,0.02
2015.06.05 13:29:04.246,0.15987,0.16017,0.02,0.23
2015.06.05 13:29:04.893,0.1599,0.1602,0.02,0.33
2015.06.05 13:29:05.044,0.15985,0.16015,0.02,0.22
2015.06.05 13:29:09.113,0.15986,0.16016,0.02,0.21
2015.06.05 13:29:10.216,0.15985,0.16015,0.02,0.03
2015.06.05 13:29:11.729,0.15987,0.16017,0.02,0.27
2015.06.05 13:29:12.525,0.15985,0.16015,0.02,0.17
2015.06.05 13:29:12.627,0.15986,0.16016,0.02,0.05
2015.06.05 13:29:12.811,0.15985,0.16015,0.02,0.02
2015.06.05 13:29:13.450,0.15989,0.16019,0.02,0.28
2015.06.05 13:29:13.854,0.15984,0.16014,0.02,0.01
2015.06.05 13:29:14.364,0.15984,0.16015,0.02,0.03
2015.06.05 13:29:14.900,0.1599,0.1602,0.02,0.25
2015.06.05 13:29:15.051,0.15984,0.16014,0.14,0.02
2015.06.05 13:29:15.151,0.15986,0.16016,0.02,0.20
2015.06.05 13:29:15.488,0.15984,0.16014,0.02,0.02
2015.06.05 13:29:15.938,0.15987,0.16017,0.02,0.22
2015.06.05 13:29:16.258,0.15983,0.16013,0.02,0.02
2015.06.05 13:29:17.252,0.15981,0.16011,0.02,0.02
2015.06.05 13:29:17.682,0.15984,0.16014,0.02,0.11
2015.06.05 13:29:18.279,0.15983,0.16013,0.02,0.20
2015.06.05 13:29:19.501,0.15979,0.16009,0.19,0.01
2015.06.05 13:29:19.748,0.15976,0.16006,0.22,0.02
2015.06.05 13:29:20.304,0.15979,0.16009,0.02,0.04
2015.06.05 13:29:21.942,0.15984,0.16014,0.02,0.26
2015.06.05 13:29:22.093,0.15982,0.16012,0.02,0.21
2015.06.05 13:29:22.311,0.15979,0.16009,0.17,0.02
2015.06.05 13:29:25.819,0.15982,0.16012,0.02,0.25
2015.06.05 13:29:25.922,0.15982,0.16012,0.02,0.05
2015.06.05 13:29:26.125,0.15977,0.16007,0.24,0.02
2015.06.05 13:29:28.130,0.15977,0.16007,0.22,0.02
2015.06.05 13:29:28.180,0.15981,0.16011,0.20,0.02
2015.06.05 13:29:28.791,0.1598,0.1601,0.22,0.02
2015.06.05 13:29:29.141,0.15984,0.16014,0.02,0.12
2015.06.05 13:29:30.237,0.15984,0.16014,0.02,0.09
2015.06.05 13:29:31.841,0.15984,0.16014,0.02,0.08
2015.06.05 13:29:31.993,0.15984,0.16014,0.02,0.06
2015.06.05 13:29:34.660,0.15983,0.16013,0.02,0.02
2015.06.05 13:29:34.880,0.15976,0.16006,0.19,0.02
2015.06.05 13:29:40.534,0.15979,0.16009,0.19,0.04
2015.06.05 13:29:41.034,0.15983,0.16013,0.02,0.02
2015.06.05 13:29:42.031,0.15981,0.16011,0.02,0.02
2015.06.05 13:29:42.355,0.15976,0.16006,0.28,0.02
2015.06.05 13:29:42.690,0.15981,0.16011,0.02,0.04
2015.06.05 13:29:43.154,0.15983,0.16013,0.02,0.02
2015.06.05 13:29:43.867,0.15982,0.16012,0.02,0.03
2015.06.05 13:29:44.208,0.15984,0.16014,0.02,0.07
2015.06.05 13:29:45.000,0.15983,0.16013,0.02,0.02
2015.06.05 13:29:46.761,0.15986,0.16016,0.02,0.24
2015.06.05 13:29:47.069,0.15984,0.16014,0.02,0.04
2015.06.05 13:29:47.687,0.15986,0.16016,0.02,0.24
2015.06.05 13:29:47.791,0.15983,0.16013,0.02,0.02
2015.06.05 13:29:48.318,0.15987,0.16017,0.02,0.29
2015.06.05 13:29:50.190,0.15989,0.16019,0.02,0.19
2015.06.05 13:29:52.261,0.15986,0.16016,0.02,0.02
2015.06.05 13:29:52.762,0.15986,0.16016,0.02,0.18
2015.06.05 13:29:52.812,0.1598,0.1601,0.19,0.02
2015.06.05 13:29:53.601,0.15988,0.16018,0.02,0.24
2015.06.05 13:29:56.331,0.15988,0.16018,0.02,0.20
2015.06.05 13:29:57.335,0.1599,0.1602,0.02,0.24
2015.06.05 13:29:57.689,0.15987,0.16017,0.02,0.05
2015.06.05 13:29:58.239,0.15988,0.16018,0.02,0.10
2015.06.05 13:29:58.340,0.1599,0.1602,0.02,0.22
2015.06.05 13:29:58.601,0.15992,0.16022,0.02,0.26
2015.06.05 13:29:59.745,0.15993,0.16023,0.02,0.28
2015.06.05 13:30:00.378,0.15995,0.16025,0.02,0.27
2015.06.05 13:30:00.431,0.15997,0.16027,0.02,0.22
2015.06.05 13:30:00.533,0.15991,0.16021,0.02,0.02
2015.06.05 13:30:02.489,0.15994,0.16024,0.02,0.20
2015.06.05 13:30:03.148,0.15995,0.16025,0.02,0.17
2015.06.05 13:30:03.613,0.15999,0.16029,0.02,0.25
2015.06.05 13:30:03.714,0.15996,0.16026,0.02,0.24
2015.06.05 13:30:04.041,0.15994,0.16024,0.02,0.16
2015.06.05 13:30:05.378,0.15999,0.16029,0.02,0.26
2015.06.05 13:30:06.061,0.15995,0.16025,0.02,0.08
2015.06.05 13:30:06.715,0.15996,0.16026,0.02,0.04
2015.06.05 13:30:07.327,0.15996,0.16026,0.02,0.19
2015.06.05 13:30:09.850,0.15995,0.16025,0.02,0.12
2015.06.05 13:30:11.881,0.15993,0.16025,0.21,0.12
2015.06.05 13:30:16.703,0.15994,0.16026,0.20,0.16
2015.06.05 13:30:18.481,0.16,0.1603,0.02,0.21
2015.06.05 13:30:21.138,0.16002,0.16032,0.02,0.22
2015.06.05 13:30:21.188,0.15998,0.16028,0.02,0.04
2015.06.05 13:30:21.239,0.15993,0.16023,0.18,0.02
2015.06.05 13:30:21.979,0.15999,0.16029,0.02,0.24
2015.06.05 13:30:22.311,0.15999,0.16029,0.02,0.22
2015.06.05 13:30:22.563,0.16,0.1603,0.02,0.22
2015.06.05 13:30:22.664,0.15999,0.16029,0.02,0.17
2015.06.05 13:30:22.819,0.15999,0.16029,0.02,0.12
2015.06.05 13:30:23.870,0.16001,0.16031,0.02,0.23
2015.06.05 13:30:24.185,0.16004,0.16034,0.02,0.19
2015.06.05 13:30:25.230,0.16001,0.16031,0.02,0.20
2015.06.05 13:30:26.559,0.16006,0.16036,0.02,0.24
2015.06.05 13:30:26.609,0.16004,0.16034,0.02,0.16
2015.06.05 13:30:27.306,0.16004,0.16034,0.02,0.16
2015.06.05 13:30:27.609,0.16005,0.16035,0.02,0.18
2015.06.05 13:30:27.760,0.16012,0.16042,0.02,0.28
2015.06.05 13:30:27.810,0.16007,0.16037,0.02,0.18
2015.06.05 13:30:27.861,0.16007,0.16037,0.02,0.20
2015.06.05 13:30:28.745,0.16007,0.16041,0.21,0.15
2015.06.05 13:30:29.306,0.16004,0.16036,0.08,0.17
2015.06.05 13:30:30.207,0.16004,0.16035,0.02,0.02
2015.06.05 13:30:30.307,0.16,0.16032,0.05,0.20
2015.06.05 13:30:30.501,0.16001,0.16035,0.24,0.16
2015.06.05 13:30:31.253,0.16001,0.16033,0.24,0.01
2015.06.05 13:30:31.655,0.16001,0.16035,0.17,0.10
2015.06.05 13:30:32.332,0.15998,0.16032,0.22,0.08
2015.06.05 13:30:32.660,0.16001,0.16035,0.10,0.19
2015.06.05 13:30:33.160,0.15999,0.16031,0.24,0.12
2015.06.05 13:30:33.212,0.16001,0.16035,0.10,0.23
2015.06.05 13:30:33.313,0.15999,0.16032,0.02,0.02
2015.06.05 13:30:33.413,0.16001,0.16035,0.08,0.17
2015.06.05 13:30:33.932,0.16004,0.16035,0.02,0.02
2015.06.05 13:30:42.939,0.16004,0.16038,0.04,0.20
2015.06.05 13:30:43.567,0.16007,0.16039,0.21,0.17
2015.06.05 13:30:44.844,0.16009,0.1604,0.02,0.02
2015.06.05 13:30:50.107,0.16008,0.16042,0.17,0.19
2015.06.05 13:30:50.208,0.16012,0.16046,0.13,0.21
2015.06.05 13:30:50.807,0.16011,0.16045,0.19,0.18
2015.06.05 13:30:51.251,0.16014,0.16045,0.02,0.02
2015.06.05 13:30:51.779,0.16011,0.16045,0.11,0.23
2015.06.05 13:30:52.321,0.16012,0.16044,0.19,0.18
2015.06.05 13:30:53.068,0.16012,0.16046,0.02,0.16
2015.06.05 13:30:53.266,0.16012,0.16044,0.02,0.01
2015.06.05 13:30:53.317,0.16008,0.16042,0.19,0.13
2015.06.05 13:30:53.418,0.16012,0.16045,0.02,0.02
2015.06.05 13:30:54.703,0.16012,0.16044,0.21,0.19
2015.06.05 13:30:55.292,0.16014,0.16045,0.02,0.02
2015.06.05 13:30:56.396,0.16012,0.16045,0.02,0.02
2015.06.05 13:30:56.884,0.16013,0.16043,0.02,0.02
2015.06.05 13:30:57.332,0.1601,0.16042,0.12,0.21
2015.06.05 13:30:57.382,0.16012,0.16044,0.17,0.14
2015.06.05 13:30:57.902,0.16012,0.16046,0.08,0.19
2015.06.05 13:30:58.003,0.16012,0.16044,0.14,0.23
2015.06.05 13:30:58.646,0.16011,0.16045,0.04,0.16
2015.06.05 13:30:59.290,0.16012,0.16044,0.17,0.19
2015.06.05 13:31:00.211,0.16011,0.16045,0.08,0.19
2015.06.05 13:31:00.513,0.16008,0.16042,0.20,0.12
2015.06.05 13:31:00.833,0.16011,0.16043,0.15,0.01
2015.06.05 13:31:00.889,0.16011,0.16045,0.15,0.18
2015.06.05 13:31:01.244,0.16012,0.16043,0.02,0.02
2015.06.05 13:31:01.345,0.16008,0.16042,0.24,0.12
2015.06.05 13:31:01.535,0.16011,0.16045,0.13,0.23
2015.06.05 13:31:02.000,0.16022,0.16052,0.02,0.32
2015.06.05 13:31:02.196,0.16017,0.16047,0.02,0.03
2015.06.05 13:31:02.397,0.16024,0.16054,0.02,0.33
2015.06.05 13:31:02.952,0.16017,0.16047,0.02,0.01
2015.06.05 13:31:03.810,0.16025,0.16055,0.02,0.35
2015.06.05 13:31:03.927,0.16017,0.16047,0.02,0.16
2015.06.05 13:31:04.813,0.16025,0.16055,0.02,0.26
2015.06.05 13:31:05.233,0.16023,0.16053,0.02,0.26
2015.06.05 13:31:05.339,0.16025,0.16055,0.02,0.22
2015.06.05 13:31:06.118,0.16016,0.16046,0.02,0.02
2015.06.05 13:31:07.343,0.16024,0.16054,0.02,0.31
2015.06.05 13:31:07.624,0.16021,0.16051,0.02,0.21
2015.06.05 13:31:07.775,0.16023,0.16053,0.02,0.34
2015.06.05 13:31:07.946,0.16017,0.16047,0.02,0.22
2015.06.05 13:31:12.576,0.16016,0.16046,0.02,0.08
2015.06.05 13:31:14.199,0.16015,0.16045,0.02,0.08
2015.06.05 13:31:14.915,0.16024,0.16054,0.02,0.32
2015.06.05 13:31:15.997,0.16016,0.16046,0.02,0.23
