2017.07.31 07:00:47.696,0.16713,0.16732,0.28,0.02
2017.07.31 07:00:48.863,0.16716,0.1674,0.02,0.04
2017.07.31 07:00:56.888,0.16713,0.16738,0.02,0.28
2017.07.31 07:01:01.633,0.16716,0.16741,0.02,0.28
2017.07.31 07:01:02.337,0.16713,0.16737,0.02,0.38
2017.07.31 07:01:02.838,0.16716,0.16741,0.02,0.23
2017.07.31 07:01:03.643,0.16713,0.16737,0.02,0.38
2017.07.31 07:01:04.868,0.16713,0.16737,0.02,0.19
2017.07.31 07:02:05.196,0.16716,0.16741,0.02,0.33
2017.07.31 07:02:36.448,0.16715,0.16745,0.11,0.45
2017.07.31 07:02:56.768,0.16714,0.16744,0.35,0.35
2017.07.31 07:02:57.471,0.16715,0.16745,0.10,0.40
2017.07.31 07:03:02.793,0.16712,0.16742,0.23,0.52
2017.07.31 07:03:03.194,0.16715,0.16745,0.39,0.40
2017.07.31 07:03:07.313,0.16714,0.16741,0.44,0.19
2017.07.31 07:03:20.650,0.16715,0.16745,0.24,0.41
2017.07.31 07:03:27.579,0.16714,0.16741,0.45,0.19
2017.07.31 07:03:28.169,0.16711,0.16741,0.48,0.44
2017.07.31 07:03:28.482,0.1671,0.16733,0.02,0.42
2017.07.31 07:04:08.605,0.16711,0.16735,0.02,0.02
2017.07.31 07:05:08.759,0.16716,0.16741,0.02,0.31
2017.07.31 07:05:10.740,0.16715,0.16745,0.44,0.41
2017.07.31 07:05:18.150,0.16711,0.16738,0.53,0.14
2017.07.31 07:05:26.995,0.16712,0.16742,0.43,0.40
2017.07.31 07:05:31.608,0.16711,0.16738,0.44,0.22
2017.07.31 07:05:34.515,0.16715,0.16745,0.39,0.51
2017.07.31 07:05:38.527,0.16715,0.16741,0.02,0.32
2017.07.31 07:05:40.631,0.16715,0.16745,0.20,0.45
2017.07.31 07:05:47.198,0.16714,0.16735,0.10,0.02
2017.07.31 07:05:47.249,0.1671,0.16734,0.02,0.31
2017.07.31 07:05:48.055,0.1671,0.16735,0.02,0.36
2017.07.31 07:05:48.874,0.16715,0.16736,0.15,0.02
2017.07.31 07:05:48.954,0.16713,0.16736,0.11,0.02
2017.07.31 07:05:49.426,0.16716,0.1674,0.02,0.04
2017.07.31 07:05:50.457,0.16716,0.16741,0.02,0.36
2017.07.31 07:05:51.104,0.16708,0.16732,0.02,0.02
2017.07.31 07:05:51.160,0.16708,0.16734,0.27,0.44
2017.07.31 07:05:51.463,0.16715,0.16734,0.17,0.02
2017.07.31 07:05:51.563,0.16713,0.16734,0.27,0.02
2017.07.31 07:05:52.067,0.16714,0.16734,0.39,0.02
2017.07.31 07:05:52.300,0.16716,0.1674,0.02,0.20
2017.07.31 07:05:53.718,0.16714,0.1674,0.33,0.33
2017.07.31 07:05:59.684,0.16713,0.16735,0.12,0.02
2017.07.31 07:05:59.988,0.1671,0.16735,0.11,0.02
2017.07.31 07:06:59.987,0.16709,0.16732,0.02,0.28
2017.07.31 07:07:01.082,0.1671,0.16736,0.06,0.38
2017.07.31 07:07:04.955,0.16709,0.16736,0.48,0.09
2017.07.31 07:07:10.567,0.16705,0.16735,0.19,0.36
2017.07.31 07:07:10.942,0.16708,0.16735,0.41,0.18
2017.07.31 07:07:13.574,0.16702,0.16729,0.45,0.10
2017.07.31 07:07:13.889,0.16706,0.16728,0.02,0.43
2017.07.31 07:07:14.357,0.16705,0.16727,0.02,0.18
2017.07.31 07:07:57.430,0.16701,0.16725,0.02,0.02
2017.07.31 07:07:57.811,0.16703,0.16725,0.25,0.02
2017.07.31 07:07:58.164,0.167,0.16723,0.02,0.30
2017.07.31 07:07:58.515,0.16704,0.16725,0.04,0.02
2017.07.31 07:07:58.988,0.16701,0.16725,0.02,0.02
2017.07.31 07:07:59.554,0.167,0.16722,0.02,0.04
2017.07.31 07:08:25.757,0.16698,0.1672,0.33,0.02
2017.07.31 07:08:26.210,0.16696,0.1672,0.37,0.02
2017.07.31 07:08:26.922,0.16699,0.1672,0.26,0.02
2017.07.31 07:08:27.023,0.16695,0.16719,0.02,0.33
2017.07.31 07:08:27.773,0.16696,0.16718,0.02,0.31
2017.07.31 07:08:28.126,0.167,0.16722,0.02,0.39
2017.07.31 07:08:30.883,0.16696,0.1672,0.02,0.02
2017.07.31 07:08:31.188,0.16695,0.16719,0.02,0.38
2017.07.31 07:08:53.109,0.16687,0.16719,0.02,0.02
2017.07.31 07:08:53.160,0.1669,0.16715,0.04,0.04
2017.07.31 07:09:12.636,0.16682,0.16714,0.02,0.02
2017.07.31 07:09:12.769,0.16684,0.1671,0.23,0.31
2017.07.31 07:09:14.079,0.16682,0.16709,0.37,0.25
2017.07.31 07:09:19.675,0.16684,0.16715,0.02,0.19
2017.07.31 07:09:20.093,0.16684,0.16709,0.02,0.31
2017.07.31 07:09:59.357,0.16685,0.16711,0.19,0.33
2017.07.31 07:09:59.704,0.16687,0.16713,0.33,0.32
2017.07.31 07:10:08.475,0.16684,0.16716,0.02,0.34
2017.07.31 07:10:08.529,0.16685,0.16711,0.29,0.21
2017.07.31 07:11:07.855,0.16684,0.16705,0.21,0.02
2017.07.31 07:11:07.910,0.1668,0.16705,0.22,0.02
2017.07.31 07:11:08.600,0.16681,0.16705,0.02,0.02
2017.07.31 07:11:09.412,0.16681,0.16705,0.02,0.02
2017.07.31 07:11:09.566,0.1668,0.16705,0.06,0.06
2017.07.31 07:11:10.110,0.16686,0.1671,0.02,0.04
2017.07.31 07:11:21.554,0.16683,0.16708,0.02,0.34
2017.07.31 07:11:21.734,0.16681,0.16703,0.02,0.14
2017.07.31 07:11:31.225,0.16676,0.167,0.02,0.02
2017.07.31 07:11:31.276,0.16675,0.167,0.11,0.02
2017.07.31 07:11:31.517,0.16668,0.16692,0.02,0.02
2017.07.31 07:11:31.785,0.16668,0.16692,0.02,0.02
2017.07.31 07:11:33.060,0.16669,0.16692,0.34,0.02
2017.07.31 07:11:33.376,0.16673,0.16694,0.02,0.34
2017.07.31 07:11:36.295,0.16674,0.16701,0.24,0.38
2017.07.31 07:11:36.439,0.1667,0.16696,0.36,0.40
2017.07.31 07:11:55.730,0.16675,0.16701,0.29,0.27
2017.07.31 07:12:00.728,0.16675,0.16704,0.32,0.02
2017.07.31 07:12:00.879,0.16678,0.16704,0.34,0.26
2017.07.31 07:12:01.336,0.1668,0.16706,0.04,0.15
2017.07.31 07:12:01.429,0.16682,0.16707,0.02,0.15
2017.07.31 07:12:01.610,0.16683,0.16709,0.33,0.10
2017.07.31 07:12:36.853,0.16685,0.16711,0.30,0.30
2017.07.31 07:12:36.954,0.16686,0.16712,0.11,0.30
2017.07.31 07:12:40.725,0.16684,0.16714,0.04,0.02
2017.07.31 07:12:40.776,0.16689,0.16714,0.18,0.02
2017.07.31 07:12:42.213,0.16684,0.16716,0.02,0.33
2017.07.31 07:12:42.314,0.16684,0.1671,0.21,0.33
2017.07.31 07:12:43.434,0.16684,0.16712,0.39,0.02
2017.07.31 07:12:43.588,0.16683,0.16709,0.04,0.27
2017.07.31 07:12:43.803,0.16683,0.1671,0.04,0.08
2017.07.31 07:12:43.916,0.16687,0.16713,0.33,0.31
2017.07.31 07:12:44.608,0.16688,0.16714,0.30,0.33
2017.07.31 07:12:57.009,0.16689,0.16716,0.30,0.19
2017.07.31 07:12:57.138,0.16695,0.16721,0.28,0.33
2017.07.31 07:13:13.092,0.16692,0.16722,0.02,0.30
2017.07.31 07:13:13.218,0.16692,0.16718,0.37,0.37
2017.07.31 07:13:29.138,0.16692,0.1672,0.04,0.02
2017.07.31 07:13:29.493,0.16693,0.16719,0.04,0.29
2017.07.31 07:13:29.645,0.16691,0.16717,0.40,0.21
2017.07.31 07:13:35.687,0.16686,0.16717,0.02,0.08
2017.07.31 07:13:35.855,0.16687,0.16711,0.27,0.02
2017.07.31 07:13:42.357,0.16687,0.16713,0.04,0.37
2017.07.31 07:13:42.508,0.16687,0.16718,0.04,0.02
2017.07.31 07:13:42.613,0.16688,0.16715,0.23,0.32
2017.07.31 07:13:43.396,0.16686,0.1671,0.02,0.35
2017.07.31 07:13:44.044,0.16684,0.16712,0.04,0.02
2017.07.31 07:13:44.650,0.16687,0.16713,0.04,0.24
2017.07.31 07:13:45.179,0.1669,0.16712,0.04,0.02
2017.07.31 07:13:45.366,0.16685,0.16711,0.26,0.41
2017.07.31 07:13:45.787,0.16685,0.16711,0.04,0.24
2017.07.31 07:13:48.411,0.16687,0.16714,0.31,0.05
2017.07.31 07:13:49.924,0.1669,0.16716,0.37,0.13
2017.07.31 07:13:50.076,0.16685,0.16711,0.34,0.35
2017.07.31 07:13:51.259,0.16685,0.16711,0.04,0.38
2017.07.31 07:13:51.420,0.16686,0.16711,0.04,0.04
2017.07.31 07:14:12.800,0.16687,0.16713,0.29,0.29
2017.07.31 07:14:12.901,0.16688,0.16714,0.42,0.20
2017.07.31 07:14:13.163,0.16682,0.16714,0.02,0.20
2017.07.31 07:14:13.494,0.16691,0.16714,0.35,0.02
2017.07.31 07:14:37.573,0.16689,0.16716,0.32,0.22
2017.07.31 07:14:37.710,0.16692,0.16717,0.39,0.02
2017.07.31 07:14:39.343,0.16692,0.16717,0.22,0.02
2017.07.31 07:14:39.494,0.16696,0.16722,0.34,0.08
2017.07.31 07:14:50.987,0.16696,0.16719,0.34,0.02
2017.07.31 07:14:51.153,0.16689,0.16715,0.35,0.28
2017.07.31 07:15:37.435,0.16687,0.16712,0.04,0.04
2017.07.31 07:15:43.030,0.1669,0.16713,0.02,0.35
2017.07.31 07:15:43.141,0.16687,0.1671,0.04,0.02
2017.07.31 07:15:55.605,0.16684,0.1671,0.18,0.60
2017.07.31 07:15:55.794,0.16686,0.16709,0.02,0.32
2017.07.31 07:16:07.390,0.16683,0.16706,0.25,0.04
2017.07.31 07:16:07.440,0.16683,0.16706,0.25,0.04
2017.07.31 07:16:07.541,0.16682,0.16707,0.02,0.23
2017.07.31 07:16:09.885,0.16686,0.16708,0.02,0.29
2017.07.31 07:16:09.986,0.16683,0.16707,0.02,0.13
2017.07.31 07:16:10.301,0.16683,0.16705,0.02,0.36
2017.07.31 07:16:10.953,0.16686,0.1671,0.02,0.04
2017.07.31 07:16:11.055,0.16686,0.1671,0.02,0.42
2017.07.31 07:16:30.614,0.16686,0.16707,0.02,0.30
2017.07.31 07:16:31.164,0.16686,0.16708,0.02,0.29
2017.07.31 07:16:31.885,0.16682,0.16706,0.36,0.02
2017.07.31 07:16:35.347,0.16678,0.16702,0.38,0.02
2017.07.31 07:16:36.322,0.16678,0.16702,0.02,0.16
2017.07.31 07:16:36.480,0.16677,0.167,0.02,0.17
2017.07.31 07:16:54.444,0.16677,0.16701,0.02,0.39
2017.07.31 07:16:54.827,0.16677,0.16704,0.40,0.05
2017.07.31 07:17:18.141,0.16678,0.16702,0.02,0.31
2017.07.31 07:17:19.346,0.16678,0.16703,0.02,0.31
2017.07.31 07:17:22.883,0.16678,0.16702,0.02,0.34
2017.07.31 07:17:23.579,0.16678,0.16703,0.02,0.37
2017.07.31 07:17:27.435,0.16677,0.16703,0.29,0.34
2017.07.31 07:17:27.536,0.16675,0.16701,0.04,0.37
2017.07.31 07:17:57.042,0.16674,0.167,0.39,0.31
2017.07.31 07:17:57.164,0.16677,0.16703,0.40,0.33
2017.07.31 07:18:00.604,0.16678,0.16703,0.02,0.32
2017.07.31 07:18:00.730,0.16674,0.167,0.31,0.30
2017.07.31 07:18:01.304,0.16678,0.1671,0.02,0.02
2017.07.31 07:18:02.153,0.16678,0.16702,0.02,0.21
2017.07.31 07:18:02.250,0.16678,0.16703,0.02,0.30
2017.07.31 07:18:40.493,0.16683,0.16705,0.02,0.23
2017.07.31 07:18:40.606,0.16683,0.16708,0.02,0.27
2017.07.31 07:18:43.833,0.16686,0.1671,0.02,0.34
2017.07.31 07:19:02.568,0.16686,0.16711,0.02,0.42
2017.07.31 07:19:04.740,0.16686,0.1671,0.02,0.40
2017.07.31 07:19:08.514,0.16686,0.1671,0.02,0.39
2017.07.31 07:19:14.374,0.16689,0.16714,0.02,0.26
2017.07.31 07:19:14.927,0.16689,0.1671,0.02,0.32
2017.07.31 07:19:16.016,0.16686,0.1671,0.02,0.34
2017.07.31 07:19:18.280,0.16686,0.1671,0.02,0.16
2017.07.31 07:19:18.611,0.16688,0.1671,0.33,0.02
2017.07.31 07:19:20.481,0.16689,0.16714,0.02,0.28
2017.07.31 07:19:20.625,0.1669,0.16713,0.02,0.04
2017.07.31 07:20:03.127,0.16689,0.16713,0.25,0.04
2017.07.31 07:20:03.455,0.16693,0.16717,0.28,0.04
2017.07.31 07:20:05.013,0.16694,0.16711,0.12,0.04
2017.07.31 07:20:05.064,0.16693,0.16719,0.31,0.33
2017.07.31 07:20:05.146,0.16685,0.16711,0.02,0.04
2017.07.31 07:20:05.312,0.16688,0.16714,0.36,0.28
2017.07.31 07:20:05.443,0.16689,0.16715,0.30,0.24
2017.07.31 07:20:05.666,0.16692,0.16718,0.36,0.08
2017.07.31 07:20:05.817,0.16692,0.16718,0.38,0.41
2017.07.31 07:20:06.548,0.16693,0.16717,0.04,0.04
2017.07.31 07:20:27.045,0.16693,0.16714,0.23,0.02
2017.07.31 07:20:27.147,0.1669,0.16714,0.28,0.02
2017.07.31 07:20:28.392,0.1669,0.16716,0.28,0.36
2017.07.31 07:20:28.998,0.16689,0.16714,0.29,0.02
2017.07.31 07:20:31.868,0.16689,0.16714,0.53,0.02
2017.07.31 07:20:32.875,0.1669,0.16716,0.24,0.22
2017.07.31 07:20:34.763,0.16693,0.16713,0.04,0.02
2017.07.31 07:20:34.813,0.16693,0.16713,0.04,0.02
2017.07.31 07:20:34.914,0.16691,0.16713,0.24,0.02
2017.07.31 07:20:41.130,0.16688,0.16715,0.42,0.22
2017.07.31 07:20:41.868,0.16693,0.1672,0.06,0.36
2017.07.31 07:20:43.253,0.1669,0.16716,0.37,0.31
2017.07.31 07:20:46.128,0.16689,0.16714,0.04,0.04
2017.07.31 07:20:46.503,0.16689,0.16715,0.09,0.33
2017.07.31 07:21:46.469,0.16692,0.16717,0.33,0.02
2017.07.31 07:21:48.833,0.16693,0.16717,0.04,0.02
2017.07.31 07:21:50.724,0.16692,0.16717,0.30,0.02
2017.07.31 07:21:50.775,0.16693,0.16717,0.06,0.02
2017.07.31 07:21:51.151,0.16695,0.16717,0.04,0.02
2017.07.31 07:22:01.579,0.16698,0.1672,0.12,0.02
2017.07.31 07:22:02.333,0.16697,0.1672,0.04,0.02
2017.07.31 07:22:13.662,0.16698,0.16721,0.12,0.02
2017.07.31 07:22:20.579,0.16697,0.16721,0.36,0.02
2017.07.31 07:22:32.023,0.16698,0.16721,0.37,0.02
2017.07.31 07:22:40.658,0.16697,0.16721,0.06,0.02
2017.07.31 07:22:47.258,0.16697,0.1672,0.04,0.02
2017.07.31 07:23:47.362,0.16696,0.16721,0.02,0.02
2017.07.31 07:23:51.042,0.16698,0.16723,0.02,0.09
2017.07.31 07:23:51.093,0.16698,0.16723,0.02,0.10
2017.07.31 07:23:55.099,0.16702,0.16724,0.30,0.02
2017.07.31 07:24:03.509,0.16702,0.16727,0.33,0.02
2017.07.31 07:24:03.654,0.16702,0.16726,0.33,0.02
2017.07.31 07:24:05.132,0.16702,0.16727,0.25,0.02
2017.07.31 07:24:05.261,0.16702,0.16727,0.25,0.02
2017.07.31 07:24:05.361,0.16706,0.1673,0.02,0.23
2017.07.31 07:24:33.089,0.16706,0.16726,0.25,0.02
2017.07.31 07:24:33.140,0.16702,0.16726,0.02,0.02
2017.07.31 07:24:33.290,0.16702,0.16726,0.26,0.02
2017.07.31 07:24:37.271,0.16702,0.16728,0.29,0.42
2017.07.31 07:24:39.413,0.16702,0.16726,0.35,0.04
2017.07.31 07:24:49.395,0.16702,0.16726,0.06,0.04
2017.07.31 07:25:59.620,0.16702,0.16732,0.08,0.32
2017.07.31 07:26:00.672,0.16701,0.16728,0.47,0.24
2017.07.31 07:26:16.099,0.16697,0.16721,0.02,0.02
2017.07.31 07:26:16.471,0.16697,0.1672,0.02,0.34
2017.07.31 07:27:16.492,0.16696,0.16722,0.38,0.30
2017.07.31 07:27:21.161,0.16696,0.16726,0.51,0.33
2017.07.31 07:27:27.690,0.16697,0.16723,0.04,0.34
2017.07.31 07:27:40.632,0.16697,0.16727,0.05,0.49
2017.07.31 07:27:49.450,0.16696,0.16726,0.40,0.47
2017.07.31 07:27:54.561,0.16697,0.16727,0.05,0.37
2017.07.31 07:27:57.509,0.16692,0.16716,0.02,0.02
2017.07.31 07:27:57.817,0.16691,0.16716,0.12,0.02
2017.07.31 07:27:58.167,0.16693,0.16716,0.04,0.02
2017.07.31 07:28:33.409,0.16696,0.16716,0.33,0.02
2017.07.31 07:28:33.511,0.16696,0.16716,0.37,0.02
2017.07.31 07:28:34.918,0.16692,0.16716,0.39,0.02
2017.07.31 07:28:35.249,0.16691,0.16715,0.02,0.19
2017.07.31 07:29:03.111,0.16693,0.16716,0.22,0.02
2017.07.31 07:29:03.705,0.16692,0.16716,0.36,0.02
2017.07.31 07:29:08.453,0.16693,0.16717,0.02,0.02
2017.07.31 07:29:08.503,0.16693,0.16717,0.02,0.02
2017.07.31 07:29:08.590,0.16692,0.16717,0.36,0.02
2017.07.31 07:29:14.838,0.16692,0.16716,0.35,0.02
2017.07.31 07:29:28.770,0.16693,0.16716,0.02,0.02
2017.07.31 07:29:30.665,0.16693,0.16718,0.02,0.06
2017.07.31 07:29:31.252,0.16692,0.16718,0.06,0.34
2017.07.31 07:30:00.252,0.16691,0.16714,0.02,0.09
2017.07.31 07:30:00.953,0.16692,0.16717,0.02,0.12
2017.07.31 07:30:01.993,0.16689,0.16713,0.02,0.02
2017.07.31 07:30:02.056,0.16689,0.16714,0.02,0.32
2017.07.31 07:30:02.174,0.16691,0.16714,0.25,0.02
2017.07.31 07:30:06.050,0.16692,0.16717,0.02,0.16
2017.07.31 07:30:21.811,0.16689,0.16713,0.02,0.34
2017.07.31 07:30:22.012,0.1669,0.16716,0.30,0.21
2017.07.31 07:30:30.699,0.16691,0.16716,0.02,0.02
2017.07.31 07:31:30.776,0.16692,0.16718,0.32,0.33
2017.07.31 07:31:41.769,0.16691,0.16713,0.09,0.02
2017.07.31 07:31:41.826,0.16689,0.16714,0.02,0.13
2017.07.31 07:31:44.436,0.16692,0.16714,0.27,0.02
2017.07.31 07:31:45.811,0.16691,0.16716,0.20,0.04
2017.07.31 07:31:59.392,0.16691,0.16715,0.02,0.30
2017.07.31 07:32:06.794,0.16692,0.16718,0.43,0.39
2017.07.31 07:32:45.922,0.16692,0.16716,0.35,0.02
2017.07.31 07:32:46.280,0.16698,0.16718,0.16,0.04
2017.07.31 07:32:46.991,0.16697,0.16718,0.04,0.04
2017.07.31 07:32:47.616,0.16698,0.16718,0.19,0.04
2017.07.31 07:33:46.312,0.16698,0.16723,0.02,0.36
2017.07.31 07:33:48.623,0.16697,0.16727,0.45,0.48
2017.07.31 07:33:52.892,0.16693,0.16717,0.02,0.02
2017.07.31 07:33:53.246,0.16692,0.16717,0.23,0.02
2017.07.31 07:33:57.917,0.16692,0.16716,0.30,0.02
2017.07.31 07:33:58.527,0.16693,0.16716,0.02,0.02
2017.07.31 07:34:00.678,0.16692,0.16716,0.30,0.02
2017.07.31 07:34:20.666,0.16693,0.16716,0.04,0.02
2017.07.31 07:34:32.174,0.16693,0.16717,0.06,0.02
2017.07.31 07:34:32.285,0.16693,0.16717,0.06,0.02
2017.07.31 07:34:34.324,0.16698,0.16722,0.02,0.04
2017.07.31 07:35:02.102,0.16697,0.16716,0.34,0.02
2017.07.31 07:35:02.589,0.16691,0.16716,0.40,0.02
2017.07.31 07:35:05.117,0.16693,0.16716,0.14,0.02
2017.07.31 07:35:08.226,0.16692,0.16716,0.32,0.02
2017.07.31 07:36:02.568,0.16692,0.16719,0.40,0.13
2017.07.31 07:36:15.348,0.16693,0.16723,0.26,0.41
2017.07.31 07:36:16.135,0.16692,0.16719,0.40,0.07
2017.07.31 07:36:20.558,0.16693,0.16723,0.29,0.41
2017.07.31 07:36:20.659,0.16698,0.16728,0.16,0.45
2017.07.31 07:36:22.662,0.16697,0.16727,0.45,0.48
2017.07.31 07:36:23.101,0.16693,0.1672,0.48,0.08
2017.07.31 07:36:29.195,0.16697,0.16727,0.05,0.41
2017.07.31 07:36:31.578,0.16688,0.16718,0.49,0.39
2017.07.31 07:36:35.392,0.16689,0.16719,0.17,0.40
2017.07.31 07:36:43.516,0.16688,0.16715,0.39,0.04
2017.07.31 07:36:49.480,0.16694,0.16715,0.02,0.04
2017.07.31 07:36:50.010,0.16694,0.16718,0.21,0.02
2017.07.31 07:36:52.373,0.16698,0.16719,0.02,0.35
2017.07.31 07:37:28.384,0.16693,0.16716,0.28,0.02
2017.07.31 07:37:28.854,0.16691,0.16714,0.02,0.29
2017.07.31 07:37:46.214,0.16694,0.16714,0.02,0.18
2017.07.31 07:37:46.265,0.16694,0.16714,0.02,0.18
2017.07.31 07:37:46.366,0.16694,0.16715,0.02,0.31
2017.07.31 07:37:49.102,0.16698,0.16719,0.02,0.12
2017.07.31 07:38:03.878,0.16694,0.16718,0.06,0.02
2017.07.31 07:38:04.226,0.16693,0.16716,0.02,0.41
2017.07.31 07:38:08.849,0.16692,0.16716,0.02,0.42
2017.07.31 07:38:08.966,0.16692,0.16716,0.02,0.42
2017.07.31 07:38:10.765,0.16698,0.16719,0.02,0.30
2017.07.31 07:39:01.684,0.16698,0.16722,0.02,0.02
2017.07.31 07:39:03.319,0.16698,0.16722,0.02,0.33
2017.07.31 07:39:35.040,0.16702,0.16726,0.02,0.16
2017.07.31 07:40:34.031,0.16701,0.16722,0.29,0.04
2017.07.31 07:40:34.082,0.16701,0.16727,0.29,0.24
2017.07.31 07:40:34.271,0.16698,0.16722,0.02,0.04
2017.07.31 07:41:34.820,0.16697,0.16723,0.04,0.36
2017.07.31 07:41:35.872,0.16697,0.16727,0.48,0.39
2017.07.31 07:41:36.284,0.16698,0.16723,0.02,0.31
2017.07.31 07:41:38.412,0.16702,0.16726,0.02,0.02
2017.07.31 07:42:30.975,0.167,0.16725,0.02,0.02
2017.07.31 07:42:33.814,0.16698,0.16722,0.02,0.04
2017.07.31 07:42:40.871,0.167,0.16735,0.02,0.45
2017.07.31 07:42:41.146,0.16701,0.16724,0.04,0.04
2017.07.31 07:42:41.270,0.16698,0.16724,0.13,0.45
2017.07.31 07:43:00.200,0.167,0.16724,0.02,0.15
2017.07.31 07:43:00.810,0.16701,0.16726,0.04,0.04
2017.07.31 07:43:16.122,0.16704,0.16728,0.02,0.35
2017.07.31 07:43:18.961,0.16708,0.16731,0.02,0.04
2017.07.31 07:43:40.368,0.16705,0.16726,0.33,0.02
2017.07.31 07:43:40.418,0.16705,0.16728,0.34,0.02
2017.07.31 07:43:40.525,0.16702,0.16726,0.02,0.02
2017.07.31 07:43:43.026,0.16706,0.16729,0.02,0.32
2017.07.31 07:43:43.077,0.16706,0.1673,0.02,0.02
2017.07.31 07:43:43.398,0.16706,0.1673,0.02,0.02
2017.07.31 07:43:43.554,0.16705,0.1673,0.18,0.02
2017.07.31 07:43:45.521,0.16702,0.16726,0.33,0.02
2017.07.31 07:43:49.816,0.16706,0.16728,0.02,0.16
2017.07.31 07:43:49.867,0.16706,0.16728,0.02,0.16
2017.07.31 07:43:49.944,0.16706,0.16729,0.02,0.18
2017.07.31 07:43:50.517,0.16706,0.1673,0.02,0.02
2017.07.31 07:43:52.548,0.16705,0.16728,0.36,0.02
2017.07.31 07:43:52.659,0.16702,0.16726,0.02,0.02
2017.07.31 07:43:56.046,0.16702,0.16734,0.38,0.02
2017.07.31 07:43:56.790,0.16705,0.16731,0.31,0.39
2017.07.31 07:44:00.997,0.16705,0.16731,0.22,0.35
2017.07.31 07:44:01.436,0.16703,0.16729,0.33,0.33
2017.07.31 07:44:44.076,0.167,0.16726,0.04,0.20
2017.07.31 07:45:23.356,0.16697,0.16723,0.02,0.28
2017.07.31 07:45:23.515,0.167,0.16726,0.34,0.21
2017.07.31 07:45:44.143,0.16701,0.16723,0.18,0.02
2017.07.31 07:45:44.318,0.16699,0.16723,0.02,0.14
2017.07.31 07:45:53.834,0.16698,0.16723,0.02,0.12
2017.07.31 07:45:53.944,0.16702,0.16724,0.02,0.34
2017.07.31 07:45:54.722,0.16702,0.16726,0.02,0.02
2017.07.31 07:46:21.829,0.16701,0.16725,0.02,0.02
2017.07.31 07:46:22.232,0.167,0.16724,0.02,0.33
2017.07.31 07:46:24.667,0.16698,0.16722,0.30,0.04
2017.07.31 07:47:07.179,0.16692,0.16716,0.02,0.02
2017.07.31 07:47:07.230,0.16696,0.16718,0.27,0.02
2017.07.31 07:47:07.281,0.16692,0.16716,0.13,0.02
2017.07.31 07:47:09.316,0.16698,0.16718,0.02,0.27
2017.07.31 07:47:09.366,0.16695,0.16719,0.02,0.38
2017.07.31 07:47:09.581,0.16698,0.16722,0.02,0.16
2017.07.31 07:47:37.037,0.16697,0.16716,0.11,0.02
2017.07.31 07:47:37.088,0.16696,0.16716,0.22,0.02
2017.07.31 07:47:37.607,0.16693,0.16716,0.04,0.02
2017.07.31 07:48:10.424,0.16694,0.16719,0.02,0.31
2017.07.31 07:48:11.414,0.16695,0.16718,0.28,0.02
2017.07.31 07:49:11.603,0.16692,0.16718,0.37,0.25
2017.07.31 07:49:12.644,0.16691,0.16715,0.02,0.02
2017.07.31 07:49:13.253,0.16691,0.16716,0.10,0.02
2017.07.31 07:49:13.820,0.1669,0.16715,0.02,0.02
2017.07.31 07:49:35.616,0.1669,0.16715,0.02,0.08
2017.07.31 07:49:39.589,0.16692,0.16716,0.02,0.02
2017.07.31 07:50:35.659,0.16692,0.16717,0.02,0.12
2017.07.31 07:50:39.622,0.16691,0.16718,0.43,0.16
2017.07.31 07:50:50.377,0.16692,0.16719,0.43,0.15
2017.07.31 07:50:51.176,0.16692,0.16718,0.02,0.36
2017.07.31 07:51:00.698,0.16691,0.16718,0.35,0.10
2017.07.31 07:52:00.644,0.16692,0.16718,0.04,0.33
2017.07.31 07:52:20.687,0.16692,0.16722,0.25,0.48
2017.07.31 07:52:40.640,0.16691,0.16718,0.41,0.12
2017.07.31 07:52:41.546,0.1669,0.1672,0.45,0.51
2017.07.31 07:52:42.078,0.16691,0.16721,0.16,0.44
2017.07.31 07:52:46.280,0.1669,0.16713,0.20,0.02
2017.07.31 07:52:46.648,0.16689,0.16713,0.02,0.27
2017.07.31 07:54:00.310,0.16688,0.16718,0.24,0.48
2017.07.31 07:54:05.218,0.1669,0.1672,0.02,0.47
2017.07.31 07:54:05.591,0.16692,0.16718,0.37,0.16
2017.07.31 07:54:08.612,0.16692,0.16716,0.14,0.02
2017.07.31 07:54:24.695,0.16691,0.16713,0.37,0.02
2017.07.31 07:54:24.746,0.16689,0.16713,0.02,0.02
2017.07.31 07:55:24.983,0.16688,0.16714,0.06,0.31
2017.07.31 07:55:27.485,0.16688,0.16713,0.06,0.02
2017.07.31 07:55:27.953,0.16693,0.16713,0.15,0.02
2017.07.31 07:55:29.653,0.16693,0.16716,0.15,0.02
2017.07.31 07:56:19.643,0.16692,0.16713,0.35,0.02
2017.07.31 07:56:19.694,0.16689,0.16713,0.02,0.02
2017.07.31 07:56:20.276,0.16689,0.16713,0.02,0.31
2017.07.31 07:57:19.819,0.16688,0.16714,0.25,0.31
2017.07.31 07:57:24.770,0.16687,0.16714,0.47,0.18
2017.07.31 07:57:27.460,0.16688,0.16718,0.45,0.36
2017.07.31 07:57:28.950,0.16687,0.16714,0.48,0.14
2017.07.31 07:58:20.679,0.16688,0.16714,0.04,0.31
2017.07.31 07:58:36.974,0.16688,0.16713,0.04,0.04
2017.07.31 07:59:37.229,0.16687,0.16714,0.37,0.25
