2015.07.14 19:00:02.682,0.15348,0.1538,0.21,0.14
2015.07.14 19:00:02.733,0.1535,0.1538,0.02,0.18
2015.07.14 19:00:06.834,0.15353,0.15383,0.02,0.23
2015.07.14 19:00:07.879,0.15345,0.15375,0.26,0.02
2015.07.14 19:00:26.839,0.15353,0.15383,0.02,0.23
2015.07.14 19:01:03.395,0.15351,0.15381,0.02,0.02
2015.07.14 19:01:07.116,0.15348,0.15381,0.03,0.02
2015.07.14 19:01:07.706,0.15348,0.15381,0.02,0.02
2015.07.14 19:01:18.738,0.15348,0.15381,0.03,0.02
2015.07.14 19:01:19.708,0.15348,0.1538,0.15,0.10
2015.07.14 19:01:22.547,0.15348,0.1538,0.15,0.10
2015.07.14 19:01:24.451,0.15348,0.1538,0.15,0.10
2015.07.14 19:01:26.255,0.15348,0.1538,0.15,0.10
2015.07.14 19:01:28.160,0.15348,0.1538,0.15,0.10
2015.07.14 19:01:30.080,0.15348,0.1538,0.15,0.10
2015.07.14 19:01:31.282,0.15348,0.1538,0.15,0.10
2015.07.14 19:01:35.813,0.15348,0.1538,0.15,0.10
2015.07.14 19:01:37.699,0.15348,0.1538,0.15,0.10
2015.07.14 19:01:39.822,0.15348,0.15382,0.16,0.23
2015.07.14 19:01:47.230,0.15348,0.15382,0.16,0.23
2015.07.14 19:01:52.958,0.15348,0.15382,0.16,0.23
2015.07.14 19:01:54.849,0.15348,0.15382,0.16,0.23
2015.07.14 19:01:58.659,0.15348,0.15382,0.16,0.23
2015.07.14 19:01:59.742,0.15348,0.1538,0.03,0.12
2015.07.14 19:02:04.272,0.15348,0.1538,0.02,0.12
2015.07.14 19:02:09.985,0.15348,0.1538,0.03,0.12
2015.07.14 19:02:13.799,0.15348,0.1538,0.02,0.12
2015.07.14 19:02:19.544,0.15348,0.1538,0.03,0.12
2015.07.14 19:02:19.801,0.15348,0.15382,0.23,0.21
2015.07.14 19:02:21.379,0.15348,0.15382,0.22,0.21
2015.07.14 19:02:26.514,0.15348,0.1538,0.02,0.21
2015.07.14 19:02:27.067,0.15349,0.15381,0.09,0.15
2015.07.14 19:02:59.657,0.15348,0.15382,0.18,0.09
2015.07.14 19:03:00.193,0.15348,0.15382,0.19,0.09
2015.07.14 19:03:00.745,0.15348,0.15382,0.18,0.09
2015.07.14 19:03:04.657,0.15348,0.15382,0.19,0.09
2015.07.14 19:03:08.365,0.15348,0.15382,0.18,0.09
2015.07.14 19:03:10.269,0.15348,0.15382,0.19,0.09
2015.07.14 19:03:12.175,0.15348,0.15382,0.18,0.09
2015.07.14 19:03:13.475,0.15348,0.1538,0.02,0.02
2015.07.14 19:03:39.711,0.15348,0.15381,0.01,0.02
2015.07.14 19:03:42.566,0.15348,0.15381,0.01,0.02
2015.07.14 19:03:43.870,0.15348,0.15381,0.01,0.02
2015.07.14 19:03:47.679,0.15348,0.15381,0.01,0.02
2015.07.14 19:03:49.585,0.15348,0.15381,0.01,0.02
2015.07.14 19:03:51.491,0.15348,0.15381,0.01,0.02
2015.07.14 19:03:53.444,0.15348,0.15381,0.01,0.02
2015.07.14 19:03:55.303,0.15348,0.15381,0.01,0.02
2015.07.14 19:03:57.209,0.15348,0.15381,0.01,0.02
2015.07.14 19:03:59.767,0.15349,0.15381,0.18,0.21
2015.07.14 19:04:19.768,0.15348,0.15382,0.17,0.22
2015.07.14 19:04:20.592,0.15348,0.15382,0.17,0.22
2015.07.14 19:04:21.828,0.15348,0.15382,0.17,0.22
2015.07.14 19:04:23.845,0.15348,0.15382,0.17,0.22
2015.07.14 19:04:25.661,0.15348,0.15382,0.17,0.22
2015.07.14 19:04:27.567,0.15348,0.15382,0.17,0.22
2015.07.14 19:04:31.466,0.15348,0.15382,0.17,0.22
2015.07.14 19:04:33.294,0.15348,0.15382,0.17,0.22
2015.07.14 19:04:37.004,0.15348,0.15382,0.17,0.22
2015.07.14 19:04:42.756,0.15348,0.15382,0.13,0.24
2015.07.14 19:04:44.791,0.15348,0.15382,0.13,0.24
2015.07.14 19:04:57.977,0.15348,0.15382,0.13,0.24
2015.07.14 19:04:59.788,0.15349,0.15381,0.13,0.20
2015.07.14 19:05:19.660,0.15348,0.15382,0.16,0.21
2015.07.14 19:05:20.765,0.15348,0.15382,0.16,0.21
2015.07.14 19:05:26.492,0.15348,0.15382,0.16,0.21
2015.07.14 19:05:28.398,0.15348,0.15382,0.16,0.21
2015.07.14 19:05:32.253,0.15348,0.15382,0.16,0.21
2015.07.14 19:05:34.116,0.15348,0.15382,0.16,0.21
2015.07.14 19:05:36.325,0.15348,0.15382,0.16,0.21
2015.07.14 19:05:39.837,0.15349,0.15381,0.19,0.22
2015.07.14 19:05:58.431,0.15355,0.15385,0.02,0.16
2015.07.14 19:05:58.846,0.15353,0.15383,0.02,0.21
2015.07.14 19:05:59.757,0.15352,0.15382,0.02,0.22
2015.07.14 19:06:02.524,0.15352,0.15382,0.02,0.17
2015.07.14 19:06:17.342,0.1535,0.1538,0.02,0.02
2015.07.14 19:06:21.384,0.15352,0.15382,0.02,0.21
2015.07.14 19:06:39.789,0.15351,0.15381,0.02,0.19
2015.07.14 19:06:51.018,0.15352,0.15382,0.02,0.17
2015.07.14 19:07:20.599,0.15349,0.1538,0.02,0.02
2015.07.14 19:07:20.834,0.15347,0.15377,0.02,0.22
2015.07.14 19:07:24.648,0.15347,0.15377,0.02,0.22
2015.07.14 19:07:59.789,0.15346,0.15376,0.02,0.23
2015.07.14 19:08:19.740,0.15347,0.15377,0.02,0.19
2015.07.14 19:08:24.676,0.15343,0.15377,0.21,0.19
2015.07.14 19:08:25.334,0.15343,0.15377,0.21,0.19
2015.07.14 19:08:27.244,0.15343,0.15377,0.21,0.19
2015.07.14 19:08:32.858,0.15343,0.15377,0.21,0.19
2015.07.14 19:08:36.713,0.15343,0.15377,0.21,0.19
2015.07.14 19:08:40.500,0.15343,0.15377,0.20,0.23
2015.07.14 19:08:46.115,0.15343,0.15377,0.20,0.23
2015.07.14 19:08:50.065,0.15343,0.15377,0.20,0.23
2015.07.14 19:08:51.828,0.15343,0.15377,0.20,0.23
2015.07.14 19:08:53.733,0.15343,0.15377,0.20,0.23
2015.07.14 19:08:55.637,0.15343,0.15377,0.20,0.23
2015.07.14 19:08:59.776,0.15344,0.15376,0.21,0.23
2015.07.14 19:09:26.020,0.15348,0.15382,0.21,0.11
2015.07.14 19:09:26.138,0.15352,0.15382,0.02,0.11
2015.07.14 19:09:37.031,0.15352,0.15383,0.02,0.15
2015.07.14 19:09:59.765,0.15352,0.15382,0.02,0.20
2015.07.14 19:10:26.164,0.15348,0.15382,0.21,0.05
2015.07.14 19:10:29.640,0.15348,0.15382,0.20,0.05
2015.07.14 19:10:39.185,0.15348,0.15382,0.21,0.05
2015.07.14 19:10:39.865,0.15348,0.15382,0.20,0.05
2015.07.14 19:10:50.595,0.15348,0.15382,0.21,0.05
2015.07.14 19:10:54.353,0.15348,0.15382,0.20,0.05
2015.07.14 19:10:59.751,0.15349,0.15381,0.20,0.16
2015.07.14 19:11:05.682,0.1535,0.1538,0.02,0.02
2015.07.14 19:11:06.009,0.15356,0.15386,0.02,0.21
2015.07.14 19:11:19.678,0.15353,0.15383,0.04,0.21
2015.07.14 19:11:24.584,0.15352,0.15382,0.04,0.17
2015.07.14 19:11:59.861,0.15353,0.15383,0.04,0.23
2015.07.14 19:12:06.128,0.15349,0.15383,0.19,0.23
2015.07.14 19:12:19.760,0.1535,0.15382,0.05,0.21
2015.07.14 19:13:39.727,0.15349,0.15383,0.07,0.17
2015.07.14 19:13:59.718,0.1535,0.15382,0.08,0.14
2015.07.14 19:14:11.373,0.15351,0.15382,0.02,0.02
2015.07.14 19:14:19.643,0.15349,0.15383,0.22,0.23
2015.07.14 19:14:30.677,0.15352,0.15383,0.01,0.23
2015.07.14 19:14:30.802,0.15353,0.15387,0.19,0.19
2015.07.14 19:14:30.852,0.15361,0.15391,0.02,0.19
2015.07.14 19:14:36.973,0.15359,0.15389,0.04,0.17
2015.07.14 19:14:37.024,0.15363,0.15393,0.02,0.17
2015.07.14 19:14:37.074,0.15363,0.15393,0.02,0.20
2015.07.14 19:14:39.669,0.15362,0.15392,0.02,0.02
2015.07.14 19:14:41.055,0.15366,0.15396,0.02,0.17
2015.07.14 19:15:16.276,0.1536,0.15391,0.04,0.27
2015.07.14 19:15:16.328,0.15357,0.15387,0.04,0.18
2015.07.14 19:15:16.638,0.15362,0.15392,0.02,0.18
2015.07.14 19:15:16.738,0.1536,0.1539,0.04,0.05
2015.07.14 19:15:17.187,0.15358,0.15388,0.04,0.20
2015.07.14 19:15:19.580,0.15359,0.15389,0.04,0.18
2015.07.14 19:15:20.640,0.15361,0.15391,0.04,0.17
2015.07.14 19:15:30.149,0.15365,0.15395,0.02,0.17
2015.07.14 19:15:30.200,0.15363,0.15393,0.04,0.22
2015.07.14 19:16:19.775,0.15362,0.15392,0.04,0.07
2015.07.14 19:16:25.006,0.15363,0.15393,0.02,0.22
2015.07.14 19:16:39.775,0.15363,0.15393,0.02,0.21
2015.07.14 19:16:59.804,0.15362,0.15392,0.02,0.16
2015.07.14 19:17:19.721,0.15363,0.15393,0.02,0.16
2015.07.14 19:17:25.044,0.15359,0.15393,0.15,0.16
2015.07.14 19:17:59.681,0.1536,0.15392,0.13,0.19
2015.07.14 19:18:19.821,0.15359,0.15393,0.12,0.21
2015.07.14 19:18:39.783,0.1536,0.15392,0.10,0.20
2015.07.14 19:18:47.030,0.15363,0.15393,0.02,0.20
2015.07.14 19:18:47.416,0.15359,0.15389,0.02,0.12
2015.07.14 19:18:47.556,0.15361,0.15391,0.02,0.19
2015.07.14 19:18:47.666,0.15363,0.15393,0.02,0.18
2015.07.14 19:19:14.715,0.15362,0.15392,0.02,0.22
2015.07.14 19:19:39.733,0.15361,0.15391,0.02,0.21
2015.07.14 19:19:43.448,0.15359,0.15389,0.02,0.02
2015.07.14 19:19:43.993,0.1536,0.1539,0.02,0.13
2015.07.14 19:19:44.186,0.15361,0.15392,0.02,0.18
2015.07.14 19:19:47.529,0.15363,0.15393,0.02,0.19
2015.07.14 19:20:18.226,0.15361,0.15392,0.02,0.22
2015.07.14 19:20:18.333,0.15357,0.15387,0.02,0.20
2015.07.14 19:20:22.272,0.15359,0.15389,0.02,0.20
2015.07.14 19:20:29.120,0.15358,0.15388,0.02,0.19
2015.07.14 19:20:29.221,0.15362,0.15392,0.02,0.24
2015.07.14 19:20:30.280,0.15361,0.15392,0.02,0.24
2015.07.14 19:20:33.272,0.15362,0.15392,0.02,0.24
2015.07.14 19:20:34.017,0.15362,0.15392,0.02,0.24
2015.07.14 19:20:39.732,0.1536,0.1539,0.02,0.05
2015.07.14 19:20:48.607,0.15364,0.15394,0.02,0.19
2015.07.14 19:20:48.658,0.15363,0.15393,0.02,0.18
2015.07.14 19:20:59.797,0.15362,0.15392,0.02,0.23
2015.07.14 19:21:48.609,0.1536,0.15392,0.13,0.17
2015.07.14 19:21:59.722,0.15359,0.15393,0.18,0.18
2015.07.14 19:22:19.657,0.1536,0.15392,0.20,0.21
2015.07.14 19:22:59.721,0.15359,0.15393,0.19,0.09
2015.07.14 19:23:39.698,0.1536,0.15392,0.10,0.21
2015.07.14 19:24:19.722,0.15359,0.15393,0.09,0.22
2015.07.14 19:24:31.416,0.15369,0.15399,0.02,0.23
2015.07.14 19:24:31.569,0.15368,0.15398,0.02,0.16
2015.07.14 19:24:33.551,0.15367,0.15397,0.02,0.14
2015.07.14 19:24:55.870,0.15365,0.15397,0.19,0.14
2015.07.14 19:24:55.971,0.15362,0.15392,0.02,0.19
2015.07.14 19:24:56.274,0.15364,0.15394,0.02,0.20
2015.07.14 19:24:59.811,0.15363,0.15393,0.02,0.24
2015.07.14 19:25:19.708,0.15364,0.15394,0.02,0.16
2015.07.14 19:25:39.734,0.15363,0.15393,0.02,0.22
2015.07.14 19:25:39.982,0.15364,0.15396,0.02,0.17
2015.07.14 19:25:40.272,0.15363,0.15393,0.02,0.19
2015.07.14 19:25:50.453,0.15364,0.15395,0.02,0.22
2015.07.14 19:25:50.558,0.15366,0.15398,0.02,0.21
2015.07.14 19:25:54.623,0.15369,0.15399,0.02,0.22
2015.07.14 19:25:56.896,0.15364,0.15398,0.20,0.21
2015.07.14 19:26:08.273,0.15364,0.15396,0.14,0.16
2015.07.14 19:26:08.374,0.15359,0.15393,0.13,0.07
2015.07.14 19:26:08.874,0.15363,0.15397,0.13,0.21
2015.07.14 19:26:08.925,0.15363,0.15397,0.13,0.20
2015.07.14 19:26:08.975,0.15366,0.15398,0.21,0.19
2015.07.14 19:26:09.275,0.15363,0.15397,0.27,0.06
2015.07.14 19:26:09.675,0.15365,0.15397,0.22,0.16
2015.07.14 19:26:10.182,0.15364,0.15396,0.23,0.07
2015.07.14 19:26:11.296,0.15369,0.15399,0.02,0.18
2015.07.14 19:26:12.080,0.15367,0.15397,0.02,0.12
2015.07.14 19:26:12.611,0.15368,0.15398,0.02,0.18
2015.07.14 19:26:39.717,0.15367,0.15397,0.02,0.11
2015.07.14 19:27:11.308,0.15365,0.15397,0.21,0.10
2015.07.14 19:27:19.760,0.15365,0.15399,0.08,0.23
2015.07.14 19:27:20.269,0.15365,0.15399,0.08,0.23
2015.07.14 19:27:25.452,0.15365,0.15399,0.08,0.23
2015.07.14 19:27:29.290,0.15365,0.15399,0.08,0.23
2015.07.14 19:27:34.824,0.15365,0.15399,0.08,0.23
2015.07.14 19:27:38.605,0.15365,0.15399,0.08,0.23
2015.07.14 19:27:46.223,0.15365,0.15399,0.20,0.16
2015.07.14 19:27:48.127,0.15365,0.15399,0.20,0.16
2015.07.14 19:27:50.031,0.15365,0.15399,0.20,0.16
2015.07.14 19:27:51.966,0.15365,0.15399,0.20,0.16
2015.07.14 19:27:59.551,0.15365,0.15399,0.20,0.16
2015.07.14 19:28:00.118,0.15364,0.15398,0.19,0.14
2015.07.14 19:28:39.671,0.15365,0.15397,0.19,0.11
2015.07.14 19:28:47.823,0.15367,0.15397,0.02,0.11
2015.07.14 19:28:55.047,0.15364,0.15397,0.21,0.12
2015.07.14 19:28:55.097,0.15362,0.15393,0.02,0.21
2015.07.14 19:29:19.709,0.15362,0.15392,0.02,0.10
2015.07.14 19:29:24.457,0.15364,0.15394,0.02,0.21
2015.07.14 19:29:33.056,0.15364,0.15394,0.02,0.18
2015.07.14 19:29:59.762,0.15362,0.15392,0.02,0.02
2015.07.14 19:30:19.689,0.15363,0.15393,0.02,0.10
2015.07.14 19:30:24.685,0.15359,0.15393,0.21,0.11
2015.07.14 19:30:39.003,0.15368,0.15398,0.02,0.19
2015.07.14 19:30:39.164,0.15368,0.15399,0.02,0.17
2015.07.14 19:30:46.676,0.15368,0.15399,0.02,0.17
2015.07.14 19:30:48.567,0.15368,0.15399,0.02,0.17
2015.07.14 19:30:50.453,0.15368,0.15399,0.02,0.17
2015.07.14 19:30:56.164,0.15368,0.15399,0.02,0.17
2015.07.14 19:31:19.672,0.15368,0.15399,0.02,0.18
2015.07.14 19:31:39.072,0.15365,0.15399,0.14,0.18
2015.07.14 19:31:39.917,0.15364,0.15398,0.21,0.11
2015.07.14 19:31:57.082,0.15374,0.15404,0.02,0.18
2015.07.14 19:31:57.251,0.15374,0.15404,0.02,0.23
2015.07.14 19:31:58.072,0.15373,0.15403,0.02,0.21
2015.07.14 19:31:58.708,0.15374,0.15404,0.02,0.17
2015.07.14 19:31:59.396,0.15373,0.15404,0.02,0.17
2015.07.14 19:32:22.826,0.15379,0.15409,0.02,0.23
2015.07.14 19:32:22.988,0.15378,0.15408,0.02,0.19
2015.07.14 19:32:36.461,0.15377,0.15408,0.02,0.21
2015.07.14 19:32:59.704,0.15377,0.15407,0.02,0.15
2015.07.14 19:33:36.530,0.15375,0.15407,0.21,0.19
2015.07.14 19:33:59.682,0.15374,0.15408,0.18,0.19
2015.07.14 19:34:19.710,0.15375,0.15409,0.18,0.15
2015.07.14 19:34:39.651,0.15375,0.15408,0.02,0.02
2015.07.14 19:34:57.306,0.15372,0.15406,0.09,0.22
2015.07.14 19:34:57.611,0.15373,0.15403,0.02,0.22
2015.07.14 19:35:55.158,0.1537,0.154,0.02,0.02
2015.07.14 19:35:55.208,0.15368,0.15398,0.19,0.02
2015.07.14 19:35:55.899,0.15368,0.15398,0.02,0.16
2015.07.14 19:36:02.460,0.15369,0.15399,0.02,0.20
2015.07.14 19:36:02.616,0.15369,0.154,0.17,0.02
2015.07.14 19:36:06.498,0.15373,0.15403,0.02,0.21
2015.07.14 19:36:25.891,0.1537,0.154,0.02,0.02
2015.07.14 19:36:26.267,0.15367,0.15397,0.04,0.11
2015.07.14 19:36:29.927,0.15368,0.15398,0.02,0.20
2015.07.14 19:37:29.145,0.15365,0.15396,0.02,0.02
2015.07.14 19:37:29.794,0.15366,0.15396,0.12,0.02
2015.07.14 19:37:33.175,0.15367,0.15398,0.02,0.19
2015.07.14 19:37:35.206,0.15366,0.15396,0.02,0.02
2015.07.14 19:37:35.540,0.15367,0.15398,0.02,0.02
2015.07.14 19:38:33.456,0.15366,0.15398,0.12,0.19
2015.07.14 19:38:39.695,0.15365,0.15399,0.21,0.20
2015.07.14 19:38:45.537,0.15365,0.15399,0.21,0.20
2015.07.14 19:38:47.445,0.15365,0.15399,0.21,0.20
2015.07.14 19:38:51.250,0.15365,0.15399,0.21,0.20
2015.07.14 19:38:55.059,0.15365,0.15399,0.21,0.20
2015.07.14 19:38:58.793,0.15365,0.15399,0.21,0.20
2015.07.14 19:38:59.830,0.15366,0.15398,0.11,0.22
2015.07.14 19:39:09.874,0.15367,0.15399,0.06,0.21
2015.07.14 19:39:10.606,0.15367,0.15399,0.06,0.21
2015.07.14 19:39:14.061,0.15367,0.15399,0.06,0.21
2015.07.14 19:39:15.866,0.15367,0.15399,0.06,0.21
2015.07.14 19:39:19.649,0.15365,0.15399,0.22,0.16
2015.07.14 19:39:25.590,0.15365,0.15399,0.22,0.16
2015.07.14 19:39:27.295,0.15365,0.15399,0.22,0.16
2015.07.14 19:39:29.199,0.15365,0.15399,0.22,0.16
2015.07.14 19:39:34.915,0.15365,0.15399,0.22,0.16
2015.07.14 19:39:36.820,0.15365,0.15399,0.22,0.16
2015.07.14 19:39:38.725,0.15365,0.15399,0.22,0.16
2015.07.14 19:39:39.672,0.15366,0.15398,0.19,0.07
2015.07.14 19:40:39.783,0.15365,0.15399,0.12,0.20
2015.07.14 19:40:45.229,0.15365,0.15399,0.12,0.20
2015.07.14 19:40:50.944,0.15365,0.15399,0.12,0.20
2015.07.14 19:40:52.915,0.15365,0.15399,0.12,0.20
2015.07.14 19:40:54.710,0.15365,0.15399,0.12,0.20
2015.07.14 19:40:59.781,0.15366,0.15398,0.18,0.25
2015.07.14 19:41:26.229,0.15365,0.15397,0.21,0.21
2015.07.14 19:41:26.279,0.15363,0.15393,0.02,0.02
2015.07.14 19:41:26.330,0.15363,0.15393,0.02,0.02
2015.07.14 19:42:26.477,0.15362,0.15394,0.17,0.21
2015.07.14 19:42:28.381,0.15362,0.15394,0.17,0.21
2015.07.14 19:42:30.314,0.15362,0.15394,0.17,0.21
2015.07.14 19:42:32.190,0.15362,0.15394,0.17,0.21
2015.07.14 19:42:33.009,0.15362,0.15394,0.17,0.21
2015.07.14 19:42:33.059,0.15365,0.15395,0.02,0.21
2015.07.14 19:42:33.110,0.15365,0.15396,0.25,0.02
2015.07.14 19:42:34.790,0.15364,0.15394,0.02,0.16
2015.07.14 19:42:36.331,0.15365,0.15396,0.21,0.02
2015.07.14 19:42:37.132,0.15368,0.15398,0.02,0.22
2015.07.14 19:42:41.772,0.15365,0.15396,0.21,0.02
2015.07.14 19:42:59.163,0.15363,0.15393,0.02,0.02
2015.07.14 19:43:04.323,0.15368,0.15398,0.02,0.20
2015.07.14 19:43:04.373,0.15368,0.15398,0.02,0.18
2015.07.14 19:43:07.759,0.15362,0.15393,0.02,0.02
2015.07.14 19:43:09.340,0.15363,0.15393,0.14,0.02
2015.07.14 19:43:19.755,0.15362,0.15393,0.04,0.02
2015.07.14 19:43:24.662,0.15363,0.15393,0.21,0.02
2015.07.14 19:43:27.165,0.15362,0.15393,0.04,0.04
2015.07.14 19:44:07.852,0.15361,0.15393,0.22,0.09
2015.07.14 19:44:39.773,0.1536,0.15394,0.20,0.14
2015.07.14 19:44:40.958,0.1536,0.15394,0.20,0.14
2015.07.14 19:44:43.168,0.1536,0.15394,0.20,0.14
2015.07.14 19:44:48.682,0.1536,0.15394,0.20,0.14
2015.07.14 19:45:07.847,0.15362,0.15394,0.11,0.18
2015.07.14 19:45:13.564,0.15362,0.15394,0.11,0.18
2015.07.14 19:45:15.473,0.15362,0.15394,0.11,0.18
2015.07.14 19:45:17.384,0.15362,0.15394,0.11,0.18
2015.07.14 19:45:19.732,0.15361,0.15393,0.23,0.10
2015.07.14 19:45:41.110,0.15361,0.15395,0.22,0.23
2015.07.14 19:45:43.092,0.15361,0.15395,0.22,0.23
2015.07.14 19:45:45.019,0.15361,0.15395,0.22,0.23
2015.07.14 19:45:45.759,0.15361,0.15395,0.22,0.23
2015.07.14 19:45:48.657,0.15361,0.15395,0.22,0.23
2015.07.14 19:45:50.589,0.15361,0.15395,0.22,0.23
2015.07.14 19:45:52.506,0.15361,0.15395,0.22,0.23
2015.07.14 19:45:53.457,0.15361,0.15395,0.22,0.23
2015.07.14 19:45:54.464,0.15361,0.15395,0.22,0.23
2015.07.14 19:45:56.341,0.15361,0.15395,0.22,0.23
2015.07.14 19:45:58.247,0.15361,0.15395,0.22,0.23
2015.07.14 19:46:05.865,0.15361,0.15395,0.15,0.23
2015.07.14 19:46:06.594,0.15361,0.15395,0.15,0.23
2015.07.14 19:46:10.610,0.15361,0.15395,0.15,0.23
2015.07.14 19:46:19.716,0.15361,0.15395,0.15,0.23
2015.07.14 19:46:20.385,0.15362,0.15394,0.23,0.20
2015.07.14 19:46:35.335,0.15365,0.15396,0.19,0.02
2015.07.14 19:46:35.888,0.15366,0.15396,0.02,0.02
2015.07.14 19:46:39.258,0.15368,0.15398,0.02,0.06
2015.07.14 19:47:39.401,0.15366,0.154,0.11,0.21
2015.07.14 19:47:40.061,0.15367,0.15399,0.13,0.17
2015.07.14 19:47:59.663,0.15366,0.154,0.09,0.20
2015.07.14 19:48:03.796,0.15366,0.154,0.09,0.20
2015.07.14 19:48:05.599,0.15366,0.154,0.09,0.20
2015.07.14 19:48:07.503,0.15366,0.154,0.09,0.20
2015.07.14 19:48:11.421,0.15366,0.154,0.09,0.20
2015.07.14 19:48:13.226,0.15366,0.154,0.09,0.20
2015.07.14 19:48:19.789,0.15366,0.15398,0.21,0.16
2015.07.14 19:48:20.590,0.15366,0.154,0.18,0.20
2015.07.14 19:48:21.169,0.15366,0.154,0.18,0.20
2015.07.14 19:48:22.754,0.15366,0.154,0.18,0.20
2015.07.14 19:48:25.544,0.15366,0.15398,0.20,0.18
2015.07.14 19:48:39.128,0.15371,0.15404,0.08,0.03
2015.07.14 19:48:39.179,0.15373,0.15403,0.02,0.02
2015.07.14 19:49:07.658,0.15374,0.15404,0.02,0.14
2015.07.14 19:49:11.721,0.15372,0.15403,0.02,0.02
2015.07.14 19:49:30.146,0.1537,0.154,0.09,0.02
2015.07.14 19:49:30.197,0.15367,0.15398,0.02,0.22
2015.07.14 19:50:04.009,0.15367,0.15398,0.10,0.02
2015.07.14 19:50:07.820,0.15367,0.15398,0.10,0.02
2015.07.14 19:50:11.595,0.15367,0.15398,0.10,0.02
2015.07.14 19:50:17.859,0.15367,0.15398,0.10,0.02
2015.07.14 19:50:19.113,0.15367,0.15398,0.10,0.02
2015.07.14 19:50:21.127,0.15367,0.15398,0.06,0.02
2015.07.14 19:50:22.921,0.15367,0.15398,0.06,0.02
2015.07.14 19:50:24.927,0.15367,0.15398,0.06,0.02
2015.07.14 19:50:33.246,0.15367,0.15399,0.04,0.17
2015.07.14 19:50:34.349,0.15367,0.15399,0.04,0.17
2015.07.14 19:50:36.754,0.15367,0.15399,0.04,0.17
2015.07.14 19:50:38.164,0.15367,0.15399,0.04,0.17
2015.07.14 19:50:40.063,0.15367,0.15399,0.16,0.17
2015.07.14 19:50:40.839,0.15366,0.15398,0.21,0.20
2015.07.14 19:50:46.129,0.15367,0.15399,0.20,0.20
2015.07.14 19:50:46.772,0.15371,0.15401,0.19,0.02
2015.07.14 19:50:50.715,0.15373,0.15403,0.02,0.26
2015.07.14 19:51:51.015,0.1537,0.15404,0.20,0.09
2015.07.14 19:51:51.629,0.1537,0.15404,0.20,0.09
2015.07.14 19:51:53.375,0.1537,0.15404,0.20,0.09
2015.07.14 19:51:56.676,0.1537,0.15404,0.20,0.09
2015.07.14 19:51:57.285,0.1537,0.15404,0.20,0.09
2015.07.14 19:51:59.039,0.1537,0.15404,0.20,0.09
2015.07.14 19:52:04.794,0.1537,0.15404,0.18,0.10
2015.07.14 19:52:05.858,0.1537,0.15404,0.18,0.10
2015.07.14 19:52:08.564,0.1537,0.15404,0.18,0.10
2015.07.14 19:52:14.314,0.1537,0.15404,0.18,0.10
2015.07.14 19:52:17.386,0.1537,0.15404,0.18,0.10
2015.07.14 19:52:17.988,0.1537,0.15404,0.18,0.10
2015.07.14 19:52:19.730,0.15371,0.15403,0.18,0.09
2015.07.14 19:52:25.651,0.15371,0.15403,0.18,0.09
2015.07.14 19:52:29.412,0.15371,0.15403,0.18,0.09
2015.07.14 19:52:31.449,0.15371,0.15403,0.18,0.09
2015.07.14 19:52:33.221,0.15371,0.15403,0.18,0.09
2015.07.14 19:52:37.031,0.15371,0.15403,0.18,0.09
2015.07.14 19:52:42.745,0.15371,0.15403,0.22,0.08
2015.07.14 19:52:44.649,0.15371,0.15403,0.22,0.08
2015.07.14 19:52:46.555,0.15371,0.15403,0.22,0.08
2015.07.14 19:52:48.460,0.15371,0.15403,0.22,0.08
2015.07.14 19:52:50.375,0.15371,0.15403,0.22,0.08
2015.07.14 19:52:52.301,0.15371,0.15403,0.22,0.08
2015.07.14 19:52:54.126,0.15371,0.15403,0.22,0.08
2015.07.14 19:52:59.779,0.15372,0.15404,0.07,0.22
2015.07.14 19:53:00.284,0.15372,0.15404,0.07,0.22
2015.07.14 19:53:01.694,0.15372,0.15404,0.07,0.22
2015.07.14 19:53:03.634,0.15372,0.15404,0.07,0.22
2015.07.14 19:53:06.353,0.15372,0.15404,0.07,0.22
2015.07.14 19:53:11.271,0.15372,0.15404,0.07,0.22
2015.07.14 19:53:19.706,0.1537,0.15404,0.02,0.22
2015.07.14 19:53:20.777,0.1537,0.15404,0.02,0.22
2015.07.14 19:53:24.502,0.1537,0.15404,0.02,0.22
2015.07.14 19:53:34.183,0.1537,0.15404,0.02,0.22
2015.07.14 19:53:35.978,0.1537,0.15404,0.02,0.22
2015.07.14 19:53:37.883,0.1537,0.15404,0.02,0.22
2015.07.14 19:53:39.687,0.1537,0.15404,0.02,0.22
2015.07.14 19:53:39.738,0.15372,0.15404,0.08,0.22
2015.07.14 19:53:41.692,0.15372,0.15404,0.08,0.22
2015.07.14 19:53:45.410,0.15372,0.15404,0.08,0.22
2015.07.14 19:53:47.259,0.15372,0.15404,0.08,0.22
2015.07.14 19:53:47.871,0.15372,0.15404,0.08,0.22
2015.07.14 19:53:51.194,0.15372,0.15404,0.08,0.22
2015.07.14 19:53:56.899,0.15372,0.15404,0.08,0.22
2015.07.14 19:53:58.766,0.15372,0.15404,0.08,0.22
2015.07.14 19:53:59.754,0.15371,0.15405,0.10,0.16
2015.07.14 19:54:00.671,0.15371,0.15405,0.10,0.16
2015.07.14 19:54:02.576,0.15371,0.15405,0.10,0.16
2015.07.14 19:54:06.286,0.15371,0.15405,0.10,0.16
2015.07.14 19:54:06.991,0.15371,0.15405,0.10,0.16
2015.07.14 19:54:08.300,0.15371,0.15405,0.10,0.16
2015.07.14 19:54:10.143,0.15371,0.15405,0.10,0.16
2015.07.14 19:54:13.953,0.15371,0.15405,0.10,0.16
2015.07.14 19:54:15.766,0.15371,0.15405,0.10,0.16
2015.07.14 19:54:16.365,0.15371,0.15405,0.10,0.16
2015.07.14 19:54:19.717,0.15371,0.15405,0.10,0.16
2015.07.14 19:54:21.602,0.15371,0.15405,0.09,0.21
2015.07.14 19:54:22.306,0.15368,0.15398,0.20,0.02
2015.07.14 19:54:22.970,0.15367,0.15398,0.04,0.04
2015.07.14 19:55:02.784,0.15363,0.15393,0.02,0.02
2015.07.14 19:55:02.890,0.15363,0.15393,0.02,0.02
2015.07.14 19:55:33.341,0.15361,0.15395,0.05,0.17
2015.07.14 19:55:33.937,0.15361,0.15395,0.05,0.17
2015.07.14 19:55:37.456,0.15358,0.15388,0.16,0.02
2015.07.14 19:55:38.188,0.1536,0.1539,0.20,0.02
2015.07.14 19:55:39.281,0.15362,0.15392,0.02,0.08
2015.07.14 19:55:39.837,0.15362,0.15393,0.02,0.16
2015.07.14 19:55:41.331,0.15362,0.15393,0.02,0.16
2015.07.14 19:55:43.236,0.15362,0.15393,0.02,0.16
2015.07.14 19:55:45.168,0.15362,0.15393,0.02,0.16
2015.07.14 19:55:50.355,0.15362,0.15393,0.02,0.16
2015.07.14 19:55:56.070,0.15362,0.15393,0.02,0.16
2015.07.14 19:56:01.737,0.15362,0.15393,0.02,0.23
2015.07.14 19:56:05.501,0.15362,0.15393,0.02,0.23
2015.07.14 19:56:07.408,0.15362,0.15393,0.02,0.23
2015.07.14 19:56:18.837,0.15362,0.15393,0.02,0.23
2015.07.14 19:56:31.495,0.15362,0.15393,0.02,0.14
2015.07.14 19:56:33.399,0.15362,0.15393,0.02,0.14
2015.07.14 19:56:35.330,0.15362,0.15393,0.02,0.14
2015.07.14 19:56:37.235,0.15362,0.15393,0.02,0.14
2015.07.14 19:56:39.495,0.15361,0.15393,0.20,0.12
2015.07.14 19:56:41.086,0.15361,0.15393,0.20,0.12
2015.07.14 19:56:42.922,0.15361,0.15393,0.20,0.12
2015.07.14 19:56:44.851,0.15361,0.15393,0.20,0.12
2015.07.14 19:56:46.630,0.15361,0.15393,0.20,0.12
2015.07.14 19:56:50.473,0.15361,0.15393,0.20,0.12
2015.07.14 19:56:52.385,0.15361,0.15393,0.20,0.12
2015.07.14 19:56:59.637,0.1536,0.15393,0.20,0.12
2015.07.14 19:56:59.738,0.15361,0.15393,0.11,0.21
2015.07.14 19:56:59.939,0.15359,0.15393,0.11,0.20
2015.07.14 19:57:00.113,0.15361,0.15393,0.25,0.20
2015.07.14 19:57:01.542,0.15361,0.15393,0.25,0.20
2015.07.14 19:57:03.461,0.15361,0.15393,0.25,0.20
2015.07.14 19:57:05.051,0.15361,0.15393,0.25,0.20
2015.07.14 19:57:05.954,0.15361,0.15393,0.25,0.20
2015.07.14 19:57:06.062,0.15359,0.15393,0.17,0.16
2015.07.14 19:57:06.155,0.15359,0.15393,0.17,0.16
2015.07.14 19:57:06.657,0.15359,0.15393,0.17,0.16
2015.07.14 19:57:08.173,0.15359,0.15393,0.17,0.16
2015.07.14 19:57:10.065,0.15359,0.15393,0.17,0.16
2015.07.14 19:57:10.728,0.15358,0.1539,0.04,0.23
2015.07.14 19:57:10.828,0.15355,0.15389,0.24,0.17
2015.07.14 19:57:11.026,0.15358,0.15388,0.02,0.02
2015.07.14 19:57:47.468,0.15359,0.15389,0.01,0.02
2015.07.14 19:57:47.568,0.15363,0.15393,0.02,0.19
2015.07.14 19:58:02.057,0.15366,0.15396,0.02,0.17
2015.07.14 19:58:02.571,0.15363,0.15394,0.02,0.08
2015.07.14 19:58:03.199,0.15366,0.15396,0.02,0.17
2015.07.14 19:58:04.431,0.15363,0.15394,0.02,0.08
2015.07.14 19:58:06.152,0.15363,0.15393,0.02,0.02
2015.07.14 19:58:11.187,0.15358,0.15388,0.03,0.02
2015.07.14 19:58:11.237,0.15358,0.15388,0.02,0.02
2015.07.14 19:58:15.256,0.1536,0.1539,0.02,0.19
2015.07.14 19:58:20.316,0.15366,0.15396,0.02,0.26
2015.07.14 19:58:20.367,0.15364,0.15394,0.02,0.21
2015.07.14 19:58:20.868,0.15366,0.15396,0.02,0.02
2015.07.14 19:58:21.441,0.15364,0.15395,0.02,0.02
2015.07.14 19:58:22.756,0.15366,0.15396,0.20,0.02
2015.07.14 19:58:24.054,0.15364,0.15395,0.26,0.02
2015.07.14 19:58:27.871,0.15366,0.15396,0.20,0.02
2015.07.14 19:58:32.778,0.15364,0.15395,0.24,0.02
2015.07.14 19:58:33.631,0.15366,0.15396,0.02,0.02
2015.07.14 19:58:35.018,0.15364,0.15395,0.24,0.02
2015.07.14 19:58:35.537,0.15366,0.15396,0.02,0.02
2015.07.14 19:58:37.392,0.15364,0.15395,0.24,0.02
2015.07.14 19:58:43.526,0.15363,0.15395,0.20,0.02
2015.07.14 19:58:44.109,0.15365,0.15395,0.17,0.02
2015.07.14 19:58:47.603,0.15366,0.15396,0.02,0.02
2015.07.14 19:59:07.737,0.15364,0.15395,0.24,0.02
2015.07.14 19:59:07.953,0.15368,0.15398,0.02,0.02
2015.07.14 19:59:08.053,0.15368,0.15398,0.16,0.02
2015.07.14 19:59:10.156,0.15366,0.15397,0.13,0.02
2015.07.14 19:59:10.704,0.15368,0.15398,0.02,0.02
2015.07.14 19:59:17.955,0.15368,0.154,0.20,0.24
2015.07.14 19:59:19.767,0.15368,0.154,0.20,0.24
2015.07.14 19:59:19.819,0.15366,0.154,0.16,0.09
2015.07.14 19:59:23.455,0.15368,0.15398,0.02,0.02
2015.07.14 19:59:32.711,0.1537,0.154,0.02,0.09
2015.07.14 19:59:34.600,0.15368,0.15399,0.02,0.08
2015.07.14 19:59:36.793,0.15368,0.15398,0.02,0.02
2015.07.14 19:59:40.876,0.1537,0.154,0.02,0.02
2015.07.14 19:59:42.983,0.15372,0.15402,0.02,0.02
2015.07.14 19:59:44.904,0.15373,0.15403,0.02,0.02
