2011.12.27 08:00:00.743,0.2888,0.28926,0.03,0.03
2011.12.27 08:00:00.965,0.2888,0.28935,0.03,0.02
2011.12.27 08:00:01.503,0.28881,0.28936,0.03,0.03
2011.12.27 08:00:02.064,0.28886,0.28937,0.03,0.03
2011.12.27 08:00:02.124,0.28908,0.28939,0.03,0.02
2011.12.27 08:00:02.293,0.28908,0.28942,0.03,0.03
2011.12.27 08:00:02.714,0.28908,0.28942,0.03,0.03
2011.12.27 08:00:03.235,0.28923,0.28954,0.03,0.03
2011.12.27 08:00:08.293,0.28895,0.28946,0.03,0.03
2011.12.27 08:00:09.307,0.28919,0.2895,0.03,0.02
2011.12.27 08:00:14.387,0.28896,0.28946,0.03,0.03
2011.12.27 08:00:15.363,0.28923,0.28954,0.03,0.02
2011.12.27 08:00:21.564,0.28895,0.28946,0.03,0.03
2011.12.27 08:00:22.211,0.28895,0.28946,0.03,0.03
2011.12.27 08:00:24.673,0.28896,0.28946,0.03,0.03
2011.12.27 08:00:25.274,0.28923,0.28953,0.03,0.02
2011.12.27 08:00:25.833,0.28896,0.28946,0.03,0.03
2011.12.27 08:00:26.374,0.28896,0.28946,0.03,0.03
2011.12.27 08:00:26.553,0.2892,0.2895,0.03,0.02
2011.12.27 08:00:27.473,0.28922,0.28953,0.03,0.03
2011.12.27 08:00:31.335,0.28896,0.28947,0.03,0.03
2011.12.27 08:00:32.510,0.2892,0.2895,0.03,0.02
2011.12.27 08:00:34.303,0.28894,0.28946,0.03,0.03
2011.12.27 08:00:34.835,0.28918,0.28948,0.03,0.02
2011.12.27 08:00:51.497,0.28891,0.28946,0.03,0.03
2011.12.27 08:00:51.998,0.28914,0.28946,0.03,0.02
2011.12.27 08:01:19.243,0.2889,0.28946,0.03,0.04
2011.12.27 08:01:28.665,0.28918,0.28948,0.03,0.04
2011.12.27 08:01:29.403,0.28892,0.28946,0.03,0.03
2011.12.27 08:01:29.843,0.28893,0.28947,0.03,0.03
2011.12.27 08:01:30.404,0.28894,0.28946,0.03,0.03
2011.12.27 08:01:32.877,0.28894,0.28946,0.03,0.04
2011.12.27 08:01:33.101,0.28894,0.28946,0.03,0.03
2011.12.27 08:01:34.896,0.28919,0.28949,0.03,0.02
2011.12.27 08:01:35.940,0.28895,0.28946,0.03,0.03
2011.12.27 08:01:36.528,0.28897,0.28947,0.03,0.03
2011.12.27 08:01:37.239,0.28922,0.28952,0.03,0.02
2011.12.27 08:01:54.061,0.28924,0.28954,0.03,0.02
2011.12.27 08:02:20.180,0.28895,0.28947,0.03,0.03
2011.12.27 08:02:20.795,0.28923,0.28954,0.03,0.03
2011.12.27 08:02:29.824,0.28925,0.28955,0.03,0.02
2011.12.27 08:02:38.480,0.28898,0.28946,0.03,0.03
2011.12.27 08:02:39.341,0.28923,0.28953,0.03,0.02
2011.12.27 08:02:47.195,0.28897,0.28947,0.03,0.03
2011.12.27 08:02:51.704,0.28896,0.28946,0.03,0.03
2011.12.27 08:02:52.684,0.28898,0.28947,0.03,0.03
2011.12.27 08:02:53.738,0.28897,0.28947,0.03,0.03
2011.12.27 08:02:54.005,0.28925,0.28955,0.03,0.02
2011.12.27 08:02:55.044,0.28896,0.28946,0.03,0.03
2011.12.27 08:02:55.207,0.28922,0.28952,0.03,0.02
2011.12.27 08:03:03.739,0.28898,0.28946,0.03,0.03
2011.12.27 08:03:05.131,0.28924,0.28954,0.03,0.02
2011.12.27 08:03:24.540,0.28922,0.28953,0.03,0.02
2011.12.27 08:03:55.262,0.28924,0.28955,0.03,0.02
2011.12.27 08:03:56.026,0.28906,0.28957,0.03,0.03
2011.12.27 08:03:57.050,0.28924,0.28957,0.03,0.02
2011.12.27 08:03:57.113,0.28924,0.2896,0.03,0.03
2011.12.27 08:03:57.771,0.28932,0.28968,0.03,0.03
2011.12.27 08:03:58.204,0.28932,0.28968,0.03,0.03
2011.12.27 08:03:58.264,0.28932,0.28968,0.03,0.03
2011.12.27 08:03:58.970,0.28934,0.2897,0.03,0.03
2011.12.27 08:04:01.100,0.28918,0.2897,0.03,0.03
2011.12.27 08:04:23.790,0.28934,0.28966,0.03,0.03
2011.12.27 08:04:24.654,0.28938,0.28972,0.03,0.03
2011.12.27 08:04:31.249,0.28921,0.28972,0.03,0.03
2011.12.27 08:04:31.579,0.28938,0.28972,0.03,0.03
2011.12.27 08:04:31.912,0.28944,0.28977,0.03,0.02
2011.12.27 08:04:34.528,0.28916,0.28971,0.03,0.03
2011.12.27 08:04:38.042,0.28948,0.28979,0.03,0.03
2011.12.27 08:04:39.771,0.28915,0.28967,0.03,0.03
2011.12.27 08:04:40.421,0.28938,0.28969,0.03,0.03
2011.12.27 08:04:46.489,0.28939,0.28969,0.03,0.02
2011.12.27 08:05:05.020,0.28914,0.28967,0.03,0.03
2011.12.27 08:05:05.459,0.28911,0.28965,0.03,0.03
2011.12.27 08:05:06.010,0.28908,0.28964,0.03,0.02
2011.12.27 08:05:06.556,0.28938,0.28969,0.03,0.03
2011.12.27 08:05:08.199,0.28907,0.28956,0.03,0.03
2011.12.27 08:05:08.594,0.28934,0.28965,0.03,0.02
2011.12.27 08:05:09.413,0.2891,0.28963,0.03,0.02
2011.12.27 08:05:09.793,0.28938,0.28968,0.03,0.02
2011.12.27 08:05:21.354,0.28911,0.28964,0.03,0.02
2011.12.27 08:05:21.861,0.28939,0.28969,0.03,0.02
2011.12.27 08:05:39.032,0.28908,0.28957,0.03,0.03
2011.12.27 08:05:40.247,0.28935,0.28966,0.03,0.03
2011.12.27 08:05:40.660,0.28908,0.28957,0.03,0.03
2011.12.27 08:06:15.328,0.28908,0.28957,0.03,0.03
2011.12.27 08:06:28.994,0.28937,0.28968,0.03,0.03
2011.12.27 08:06:47.089,0.28909,0.28956,0.03,0.03
2011.12.27 08:06:48.729,0.28908,0.28957,0.03,0.03
2011.12.27 08:07:19.610,0.28909,0.28957,0.03,0.03
2011.12.27 08:07:21.028,0.28911,0.28964,0.03,0.02
2011.12.27 08:07:22.821,0.28939,0.28969,0.03,0.02
2011.12.27 08:07:24.620,0.28909,0.28965,0.03,0.03
2011.12.27 08:07:25.842,0.28938,0.28968,0.03,0.02
2011.12.27 08:07:27.570,0.2891,0.28957,0.03,0.03
2011.12.27 08:07:32.560,0.28909,0.28957,0.03,0.03
2011.12.27 08:07:34.089,0.28912,0.28966,0.03,0.04
2011.12.27 08:08:25.273,0.28903,0.28966,0.05,0.03
2011.12.27 08:08:29.107,0.28903,0.28967,0.03,0.04
2011.12.27 08:08:53.889,0.28904,0.28966,0.04,0.03
2011.12.27 08:09:00.996,0.28904,0.28956,0.03,0.02
2011.12.27 08:09:01.291,0.28894,0.28953,0.03,0.02
2011.12.27 08:09:01.467,0.28923,0.28953,0.03,0.02
2011.12.27 08:09:07.214,0.28904,0.28956,0.03,0.03
2011.12.27 08:09:07.564,0.28928,0.28958,0.03,0.02
2011.12.27 08:09:14.725,0.28904,0.28956,0.03,0.03
2011.12.27 08:09:15.578,0.28902,0.28956,0.03,0.03
2011.12.27 08:09:16.133,0.28924,0.28956,0.03,0.02
2011.12.27 08:09:19.806,0.28928,0.28959,0.03,0.02
2011.12.27 08:09:24.718,0.28899,0.28955,0.03,0.03
2011.12.27 08:09:25.258,0.28897,0.28952,0.03,0.02
2011.12.27 08:09:25.851,0.28919,0.28949,0.03,0.02
2011.12.27 08:10:02.804,0.28898,0.28947,0.03,0.03
2011.12.27 08:10:03.410,0.289,0.28955,0.03,0.05
2011.12.27 08:10:03.682,0.28924,0.28955,0.03,0.02
2011.12.27 08:10:22.738,0.289,0.28954,0.03,0.03
2011.12.27 08:10:58.077,0.28899,0.28955,0.03,0.02
2011.12.27 08:11:05.180,0.28894,0.28955,0.03,0.02
2011.12.27 08:11:08.176,0.28894,0.28955,0.03,0.03
2011.12.27 08:11:11.479,0.28893,0.28954,0.03,0.02
2011.12.27 08:11:53.116,0.28893,0.28955,0.03,0.02
2011.12.27 08:11:55.723,0.28893,0.2895,0.03,0.03
2011.12.27 08:11:56.084,0.28893,0.28947,0.03,0.03
2011.12.27 08:11:56.943,0.28922,0.28953,0.03,0.03
2011.12.27 08:12:02.765,0.28902,0.28955,0.03,0.02
2011.12.27 08:12:02.981,0.289,0.28953,0.03,0.03
2011.12.27 08:12:03.417,0.28901,0.28955,0.03,0.03
2011.12.27 08:12:04.231,0.28925,0.28956,0.03,0.04
2011.12.27 08:12:06.997,0.28901,0.28955,0.03,0.03
2011.12.27 08:12:08.324,0.28901,0.28956,0.03,0.03
2011.12.27 08:12:12.768,0.28901,0.28955,0.03,0.02
2011.12.27 08:12:42.918,0.28899,0.28956,0.03,0.03
2011.12.27 08:12:43.395,0.289,0.28954,0.03,0.03
2011.12.27 08:12:43.591,0.28923,0.28954,0.03,0.02
2011.12.27 08:12:47.498,0.28898,0.28952,0.03,0.02
2011.12.27 08:12:48.590,0.28919,0.2895,0.03,0.03
2011.12.27 08:12:55.437,0.28897,0.28946,0.03,0.03
2011.12.27 08:13:08.855,0.28896,0.28946,0.03,0.03
2011.12.27 08:13:36.295,0.28896,0.28947,0.03,0.03
2011.12.27 08:13:44.910,0.28895,0.28946,0.03,0.03
2011.12.27 08:13:46.556,0.28894,0.28947,0.03,0.03
2011.12.27 08:13:49.656,0.28885,0.28946,0.03,0.03
2011.12.27 08:13:49.716,0.28886,0.28946,0.03,0.03
2011.12.27 08:13:51.002,0.28893,0.28947,0.03,0.03
2011.12.27 08:14:18.186,0.28884,0.28946,0.03,0.03
2011.12.27 08:14:18.491,0.28917,0.28947,0.03,0.02
2011.12.27 08:14:23.029,0.28893,0.28947,0.03,0.03
2011.12.27 08:14:24.660,0.28919,0.28949,0.03,0.02
2011.12.27 08:14:29.720,0.28894,0.28947,0.03,0.03
2011.12.27 08:14:30.290,0.28894,0.28946,0.03,0.03
2011.12.27 08:15:25.046,0.28893,0.28947,0.03,0.03
2011.12.27 08:15:26.982,0.28893,0.28947,0.03,0.03
2011.12.27 08:16:10.851,0.28893,0.28947,0.03,0.05
2011.12.27 08:16:11.078,0.28884,0.28946,0.03,0.03
2011.12.27 08:16:11.941,0.28918,0.28949,0.03,0.03
2011.12.27 08:17:06.018,0.28893,0.28946,0.03,0.03
2011.12.27 08:17:12.256,0.28884,0.28946,0.02,0.03
2011.12.27 08:17:30.368,0.28884,0.28947,0.03,0.03
2011.12.27 08:17:31.354,0.2892,0.2895,0.03,0.02
2011.12.27 08:17:40.258,0.28894,0.28947,0.03,0.04
2011.12.27 08:17:41.084,0.28917,0.28947,0.03,0.02
2011.12.27 08:18:38.368,0.28893,0.28946,0.03,0.03
2011.12.27 08:18:39.817,0.2892,0.2895,0.03,0.02
2011.12.27 08:18:41.365,0.28893,0.28946,0.03,0.03
2011.12.27 08:18:41.698,0.28893,0.28947,0.03,0.03
2011.12.27 08:18:42.627,0.28893,0.28946,0.03,0.03
2011.12.27 08:18:46.158,0.28893,0.28946,0.03,0.03
2011.12.27 08:18:46.975,0.28917,0.28947,0.03,0.02
2011.12.27 08:18:47.458,0.2889,0.28945,0.03,0.03
2011.12.27 08:18:47.839,0.28889,0.28942,0.03,0.03
2011.12.27 08:18:48.264,0.28912,0.28942,0.03,0.02
2011.12.27 08:18:52.649,0.28888,0.28941,0.03,0.03
2011.12.27 08:19:04.259,0.28888,0.28944,0.03,0.03
2011.12.27 08:19:05.065,0.2889,0.28943,0.03,0.03
2011.12.27 08:19:05.391,0.28915,0.28945,0.03,0.02
2011.12.27 08:19:06.578,0.28912,0.28943,0.03,0.02
2011.12.27 08:19:24.925,0.28914,0.28945,0.03,0.03
2011.12.27 08:19:35.988,0.28891,0.28944,0.03,0.02
2011.12.27 08:19:37.758,0.28894,0.28947,0.03,0.03
2011.12.27 08:19:38.350,0.28918,0.28949,0.03,0.02
2011.12.27 08:20:28.016,0.28897,0.28947,0.03,0.03
2011.12.27 08:20:28.611,0.28896,0.28946,0.03,0.03
2011.12.27 08:20:29.199,0.289,0.28946,0.03,0.03
2011.12.27 08:20:29.418,0.28902,0.28952,0.03,0.03
2011.12.27 08:20:29.538,0.28923,0.28955,0.03,0.02
2011.12.27 08:20:29.658,0.28902,0.28957,0.03,0.07
2011.12.27 08:20:31.717,0.28902,0.28955,0.03,0.03
2011.12.27 08:20:32.380,0.28901,0.28956,0.03,0.04
2011.12.27 08:20:32.962,0.289,0.28947,0.03,0.03
2011.12.27 08:20:33.542,0.289,0.28947,0.03,0.03
2011.12.27 08:20:34.338,0.2892,0.28951,0.03,0.03
2011.12.27 08:20:37.859,0.289,0.28954,0.03,0.05
2011.12.27 08:20:39.739,0.28901,0.28954,0.03,0.03
2011.12.27 08:20:40.438,0.28923,0.28956,0.03,0.02
2011.12.27 08:21:04.719,0.28902,0.28957,0.03,0.07
2011.12.27 08:21:06.137,0.28905,0.28956,0.03,0.03
2011.12.27 08:21:06.206,0.28925,0.28956,0.03,0.02
2011.12.27 08:21:06.699,0.28904,0.28956,0.02,0.03
2011.12.27 08:21:11.667,0.28902,0.28956,0.03,0.02
2011.12.27 08:21:13.399,0.28901,0.28955,0.03,0.03
2011.12.27 08:21:17.305,0.28901,0.28956,0.03,0.03
2011.12.27 08:21:18.238,0.28902,0.28957,0.03,0.04
2011.12.27 08:21:38.799,0.28904,0.28956,0.03,0.03
2011.12.27 08:21:56.397,0.28903,0.28956,0.03,0.03
2011.12.27 08:22:08.268,0.28896,0.28957,0.02,0.03
2011.12.27 08:22:09.046,0.28894,0.28957,0.03,0.03
2011.12.27 08:22:10.895,0.28896,0.28957,0.02,0.03
2011.12.27 08:22:22.665,0.28903,0.2896,0.03,0.02
2011.12.27 08:22:22.937,0.28897,0.28957,0.03,0.03
2011.12.27 08:22:22.998,0.28933,0.28963,0.03,0.02
2011.12.27 08:22:23.483,0.28902,0.28957,0.03,0.04
2011.12.27 08:22:24.111,0.28924,0.28957,0.03,0.04
2011.12.27 08:22:25.958,0.28902,0.28955,0.03,0.02
2011.12.27 08:22:31.758,0.28899,0.28953,0.03,0.03
2011.12.27 08:22:33.279,0.28899,0.28947,0.03,0.03
2011.12.27 08:22:36.028,0.28896,0.28946,0.03,0.03
2011.12.27 08:22:36.299,0.28919,0.28949,0.03,0.02
2011.12.27 08:22:55.608,0.28897,0.28946,0.03,0.03
2011.12.27 08:22:55.998,0.28923,0.28954,0.03,0.03
2011.12.27 08:22:57.142,0.28924,0.28954,0.03,0.02
2011.12.27 08:23:09.728,0.28905,0.28956,0.03,0.03
2011.12.27 08:23:10.165,0.28908,0.28957,0.03,0.03
2011.12.27 08:23:10.470,0.28935,0.28965,0.03,0.02
2011.12.27 08:23:13.408,0.2891,0.28957,0.03,0.03
2011.12.27 08:23:15.189,0.28912,0.28967,0.03,0.04
2011.12.27 08:23:16.718,0.28938,0.28969,0.03,0.04
2011.12.27 08:23:23.358,0.28908,0.28957,0.03,0.03
2011.12.27 08:23:24.080,0.28932,0.28963,0.03,0.03
2011.12.27 08:23:24.709,0.28909,0.28957,0.03,0.03
2011.12.27 08:23:25.286,0.28935,0.28965,0.03,0.02
2011.12.27 08:23:28.768,0.28937,0.28967,0.03,0.02
2011.12.27 08:23:32.424,0.2893,0.28961,0.03,0.03
2011.12.27 08:23:32.906,0.28906,0.28956,0.03,0.03
2011.12.27 08:23:38.578,0.28905,0.28956,0.03,0.03
2011.12.27 08:23:42.815,0.28903,0.28957,0.03,0.03
2011.12.27 08:23:43.458,0.28933,0.28964,0.03,0.03
2011.12.27 08:23:45.778,0.28933,0.28966,0.03,0.02
2011.12.27 08:23:45.997,0.28916,0.28966,0.03,0.03
2011.12.27 08:23:46.326,0.28933,0.28966,0.03,0.03
2011.12.27 08:23:46.545,0.28933,0.28967,0.03,0.03
2011.12.27 08:23:47.031,0.28944,0.28975,0.03,0.02
2011.12.27 08:24:22.387,0.28919,0.28973,0.03,0.03
2011.12.27 08:24:23.495,0.28917,0.28967,0.03,0.03
2011.12.27 08:24:23.840,0.28942,0.28972,0.03,0.02
2011.12.27 08:24:34.740,0.28939,0.28969,0.03,0.02
2011.12.27 08:24:39.089,0.28919,0.28967,0.03,0.03
2011.12.27 08:24:39.588,0.28921,0.28975,0.03,0.03
2011.12.27 08:24:39.649,0.28947,0.28977,0.03,0.02
2011.12.27 08:24:40.353,0.28919,0.28975,0.03,0.03
2011.12.27 08:24:40.419,0.28921,0.28977,0.03,0.04
2011.12.27 08:24:40.688,0.2895,0.28981,0.03,0.04
2011.12.27 08:24:42.214,0.28921,0.28976,0.03,0.04
2011.12.27 08:24:51.798,0.2892,0.28975,0.03,0.03
2011.12.27 08:24:54.999,0.2892,0.28967,0.03,0.03
2011.12.27 08:24:56.717,0.28916,0.28967,0.03,0.03
2011.12.27 08:24:57.774,0.28944,0.28974,0.03,0.02
2011.12.27 08:25:00.484,0.28944,0.28976,0.03,0.02
2011.12.27 08:25:01.372,0.28947,0.28978,0.03,0.05
2011.12.27 08:25:03.941,0.28944,0.28976,0.03,0.04
2011.12.27 08:25:06.230,0.28947,0.28978,0.03,0.05
2011.12.27 08:25:27.477,0.2892,0.28975,0.03,0.03
2011.12.27 08:25:28.217,0.28944,0.28975,0.03,0.02
2011.12.27 08:25:30.296,0.2892,0.28974,0.03,0.03
2011.12.27 08:25:30.903,0.2892,0.28973,0.03,0.02
2011.12.27 08:25:31.917,0.28948,0.28979,0.03,0.03
2011.12.27 08:25:34.347,0.28921,0.28976,0.03,0.04
2011.12.27 08:25:37.866,0.28921,0.28975,0.03,0.02
2011.12.27 08:25:38.645,0.28921,0.28976,0.03,0.03
2011.12.27 08:26:03.777,0.2892,0.28975,0.03,0.03
2011.12.27 08:26:04.740,0.28944,0.28975,0.03,0.02
2011.12.27 08:26:22.817,0.28929,0.28977,0.03,0.03
2011.12.27 08:26:23.509,0.2893,0.2898,0.03,0.03
2011.12.27 08:26:24.300,0.28957,0.28988,0.03,0.03
2011.12.27 08:26:28.505,0.2893,0.28984,0.03,0.02
2011.12.27 08:26:29.057,0.28929,0.28977,0.03,0.03
2011.12.27 08:26:29.299,0.28954,0.28984,0.03,0.02
2011.12.27 08:26:30.373,0.2893,0.28977,0.03,0.03
2011.12.27 08:26:43.219,0.28958,0.28989,0.03,0.03
2011.12.27 08:26:51.723,0.28959,0.28989,0.03,0.02
2011.12.27 08:27:06.441,0.28958,0.28989,0.03,0.03
2011.12.27 08:27:07.671,0.28955,0.28986,0.03,0.03
2011.12.27 08:27:08.743,0.28923,0.28977,0.02,0.03
2011.12.27 08:27:09.235,0.28922,0.28976,0.03,0.03
2011.12.27 08:27:09.849,0.28922,0.28975,0.03,0.02
2011.12.27 08:27:10.050,0.28948,0.28978,0.03,0.02
2011.12.27 08:27:11.027,0.28916,0.28971,0.03,0.02
2011.12.27 08:27:12.420,0.28945,0.28976,0.03,0.03
2011.12.27 08:27:12.480,0.28913,0.28966,0.03,0.03
2011.12.27 08:27:13.739,0.28942,0.28972,0.03,0.02
2011.12.27 08:27:14.398,0.28916,0.28966,0.03,0.05
2011.12.27 08:27:14.587,0.28916,0.28967,0.03,0.03
2011.12.27 08:27:16.745,0.28918,0.28966,0.03,0.03
2011.12.27 08:27:17.238,0.28922,0.28975,0.03,0.02
2011.12.27 08:27:17.321,0.28945,0.28975,0.03,0.02
2011.12.27 08:27:17.836,0.28923,0.28976,0.03,0.03
2011.12.27 08:27:18.511,0.28952,0.28982,0.03,0.02
2011.12.27 08:27:19.409,0.2893,0.28977,0.03,0.03
2011.12.27 08:27:19.806,0.28929,0.28985,0.03,0.03
2011.12.27 08:27:19.868,0.28955,0.28985,0.03,0.02
2011.12.27 08:27:20.675,0.28933,0.28986,0.03,0.03
2011.12.27 08:27:21.088,0.28957,0.28987,0.03,0.02
2011.12.27 08:27:21.658,0.28932,0.28986,0.03,0.03
2011.12.27 08:27:22.160,0.28935,0.28987,0.03,0.03
2011.12.27 08:27:23.406,0.28938,0.28987,0.03,0.03
2011.12.27 08:27:23.599,0.28959,0.28989,0.03,0.02
2011.12.27 08:27:23.659,0.28938,0.28987,0.03,0.03
2011.12.27 08:27:24.887,0.28964,0.28994,0.03,0.02
2011.12.27 08:27:25.566,0.2894,0.28987,0.03,0.03
2011.12.27 08:27:26.039,0.28968,0.28998,0.03,0.02
2011.12.27 08:27:32.073,0.28941,0.28996,0.03,0.03
2011.12.27 08:27:33.356,0.28969,0.28999,0.03,0.02
2011.12.27 08:27:34.598,0.28941,0.28994,0.03,0.02
2011.12.27 08:27:35.437,0.28937,0.28987,0.03,0.03
2011.12.27 08:27:35.814,0.28965,0.28995,0.03,0.02
2011.12.27 08:27:37.124,0.2896,0.28991,0.03,0.02
2011.12.27 08:27:37.696,0.28935,0.28986,0.03,0.03
2011.12.27 08:27:38.268,0.28934,0.28986,0.03,0.03
2011.12.27 08:27:39.482,0.28959,0.28989,0.03,0.02
2011.12.27 08:27:43.329,0.28934,0.28987,0.03,0.03
2011.12.27 08:27:45.226,0.28934,0.28987,0.03,0.04
2011.12.27 08:27:46.852,0.28959,0.28989,0.03,0.02
2011.12.27 08:27:52.485,0.28933,0.28986,0.03,0.04
2011.12.27 08:27:57.358,0.28931,0.28987,0.03,0.04
2011.12.27 08:27:57.576,0.28932,0.28985,0.03,0.03
2011.12.27 08:27:59.056,0.28957,0.28988,0.03,0.02
2011.12.27 08:28:00.239,0.28959,0.28989,0.03,0.02
2011.12.27 08:28:08.579,0.2893,0.28986,0.03,0.02
2011.12.27 08:28:09.569,0.28932,0.28985,0.03,0.02
2011.12.27 08:28:17.135,0.2893,0.28986,0.03,0.04
2011.12.27 08:28:17.484,0.28929,0.28984,0.03,0.03
2011.12.27 08:28:18.524,0.28957,0.28987,0.03,0.02
2011.12.27 08:28:25.165,0.28931,0.28986,0.03,0.03
2011.12.27 08:28:25.387,0.28929,0.28982,0.03,0.03
2011.12.27 08:28:25.679,0.28931,0.28984,0.03,0.02
2011.12.27 08:28:25.831,0.28953,0.28984,0.03,0.02
2011.12.27 08:28:26.606,0.28932,0.28985,0.03,0.03
2011.12.27 08:28:27.175,0.28926,0.28976,0.03,0.03
2011.12.27 08:28:28.329,0.28944,0.28976,0.03,0.02
2011.12.27 08:28:39.119,0.28948,0.28979,0.03,0.02
2011.12.27 08:28:39.327,0.28925,0.28976,0.03,0.03
2011.12.27 08:28:46.725,0.28924,0.28977,0.03,0.03
2011.12.27 08:28:47.777,0.28944,0.28976,0.03,0.02
2011.12.27 08:28:47.840,0.28926,0.28976,0.03,0.03
2011.12.27 08:28:48.976,0.28948,0.28979,0.03,0.03
2011.12.27 08:28:54.285,0.28924,0.28977,0.03,0.03
2011.12.27 08:28:54.629,0.28922,0.28975,0.03,0.03
2011.12.27 08:28:54.995,0.28944,0.28975,0.03,0.02
2011.12.27 08:28:56.152,0.28928,0.28976,0.03,0.03
2011.12.27 08:28:56.797,0.28944,0.2898,0.03,0.03
2011.12.27 08:28:57.133,0.28944,0.2898,0.03,0.03
2011.12.27 08:28:57.473,0.2896,0.2899,0.03,0.02
2011.12.27 08:29:01.288,0.28932,0.28987,0.03,0.05
2011.12.27 08:29:07.915,0.28932,0.28985,0.03,0.03
2011.12.27 08:29:11.955,0.28932,0.28987,0.03,0.04
2011.12.27 08:29:19.675,0.28932,0.28985,0.03,0.02
2011.12.27 08:29:19.929,0.28934,0.28987,0.03,0.04
2011.12.27 08:29:23.705,0.28931,0.28986,0.03,0.03
2011.12.27 08:29:24.149,0.2894,0.28986,0.03,0.03
2011.12.27 08:29:24.349,0.28958,0.28992,0.03,0.03
2011.12.27 08:29:24.693,0.28944,0.28992,0.03,0.03
2011.12.27 08:29:25.531,0.2897,0.29,0.03,0.02
2011.12.27 08:29:26.330,0.28938,0.28996,0.03,0.02
2011.12.27 08:29:26.782,0.28963,0.28993,0.03,0.02
2011.12.27 08:29:39.918,0.28932,0.28987,0.03,0.04
2011.12.27 08:29:40.139,0.28935,0.28987,0.03,0.03
2011.12.27 08:29:43.159,0.28932,0.28986,0.03,0.03
2011.12.27 08:29:43.922,0.28957,0.28987,0.03,0.02
2011.12.27 08:29:44.249,0.28935,0.28986,0.03,0.03
2011.12.27 08:29:44.699,0.28939,0.28987,0.03,0.03
2011.12.27 08:29:45.002,0.28965,0.28995,0.03,0.02
2011.12.27 08:29:49.978,0.28937,0.28987,0.03,0.03
2011.12.27 08:29:50.416,0.28933,0.28986,0.03,0.03
2011.12.27 08:29:50.919,0.28932,0.28985,0.03,0.03
2011.12.27 08:29:51.153,0.28957,0.28987,0.03,0.02
2011.12.27 08:29:52.331,0.28955,0.28985,0.03,0.02
2011.12.27 08:29:53.425,0.28932,0.28985,0.03,0.03
2011.12.27 08:29:53.520,0.28957,0.28988,0.03,0.03
2011.12.27 08:29:54.101,0.28957,0.28993,0.03,0.03
2011.12.27 08:29:54.660,0.28957,0.28993,0.03,0.03
2011.12.27 08:29:54.730,0.28975,0.29007,0.03,0.04
2011.12.27 08:29:55.929,0.28978,0.29009,0.03,0.03
2011.12.27 08:30:22.515,0.28951,0.29004,0.03,0.03
2011.12.27 08:30:23.942,0.28974,0.29004,0.03,0.02
2011.12.27 08:30:28.746,0.28944,0.28996,0.03,0.03
2011.12.27 08:30:29.055,0.28945,0.28996,0.03,0.03
2011.12.27 08:30:30.072,0.28965,0.28996,0.03,0.02
2011.12.27 08:30:30.582,0.28945,0.28987,0.03,0.02
2011.12.27 08:30:30.642,0.28939,0.28987,0.03,0.03
2011.12.27 08:30:31.271,0.28962,0.28992,0.03,0.02
2011.12.27 08:30:44.569,0.28938,0.28987,0.03,0.03
2011.12.27 08:30:56.402,0.28937,0.28987,0.03,0.03
2011.12.27 08:31:03.263,0.28938,0.28987,0.03,0.03
2011.12.27 08:31:10.213,0.28941,0.28986,0.03,0.03
2011.12.27 08:31:11.188,0.28937,0.28986,0.03,0.03
2011.12.27 08:31:11.590,0.28959,0.2899,0.03,0.03
2011.12.27 08:31:12.702,0.28939,0.28986,0.03,0.03
2011.12.27 08:31:13.999,0.28962,0.28994,0.03,0.02
2011.12.27 08:31:22.234,0.28938,0.28991,0.03,0.02
2011.12.27 08:31:47.900,0.28937,0.28987,0.03,0.03
2011.12.27 08:31:48.877,0.28936,0.28986,0.03,0.03
2011.12.27 08:31:49.210,0.2896,0.28991,0.03,0.03
2011.12.27 08:31:59.843,0.28935,0.28986,0.03,0.03
2011.12.27 08:32:09.033,0.28933,0.28986,0.03,0.03
2011.12.27 08:32:10.005,0.28957,0.28988,0.03,0.03
2011.12.27 08:32:23.008,0.28934,0.28987,0.03,0.05
2011.12.27 08:32:29.701,0.2896,0.28991,0.03,0.05
2011.12.27 08:32:32.472,0.28933,0.28987,0.03,0.03
2011.12.27 08:32:41.375,0.28935,0.28986,0.03,0.03
2011.12.27 08:32:51.503,0.28933,0.28986,0.03,0.04
2011.12.27 08:32:52.850,0.28957,0.28988,0.03,0.04
2011.12.27 08:32:56.512,0.28931,0.28986,0.03,0.03
2011.12.27 08:33:02.059,0.2893,0.28977,0.03,0.03
2011.12.27 08:33:02.284,0.28932,0.28977,0.03,0.03
2011.12.27 08:33:02.567,0.28959,0.28989,0.03,0.02
2011.12.27 08:33:05.171,0.28949,0.28985,0.03,0.04
2011.12.27 08:33:05.918,0.28928,0.28976,0.03,0.03
2011.12.27 08:33:06.868,0.28928,0.28976,0.03,0.03
2011.12.27 08:33:09.462,0.28924,0.28976,0.03,0.03
2011.12.27 08:33:10.047,0.28948,0.28979,0.03,0.03
2011.12.27 08:33:48.551,0.28921,0.28976,0.03,0.05
2011.12.27 08:33:59.582,0.2892,0.28975,0.03,0.03
2011.12.27 08:33:59.948,0.28945,0.28975,0.03,0.02
2011.12.27 08:34:05.760,0.28919,0.28974,0.03,0.02
2011.12.27 08:34:43.448,0.28911,0.28964,0.03,0.03
2011.12.27 08:34:43.758,0.28935,0.28965,0.03,0.02
2011.12.27 08:34:57.517,0.28908,0.28956,0.03,0.03
2011.12.27 08:35:05.632,0.28904,0.28956,0.03,0.03
2011.12.27 08:35:06.180,0.28897,0.28952,0.03,0.02
2011.12.27 08:35:07.023,0.28923,0.28953,0.03,0.02
2011.12.27 08:35:11.557,0.28896,0.28946,0.03,0.03
2011.12.27 08:35:14.571,0.28897,0.28946,0.03,0.03
2011.12.27 08:35:16.530,0.28898,0.28947,0.03,0.03
2011.12.27 08:35:17.941,0.28899,0.28947,0.03,0.03
2011.12.27 08:35:19.668,0.28893,0.28946,0.03,0.03
2011.12.27 08:35:19.980,0.28892,0.28945,0.03,0.03
2011.12.27 08:35:20.357,0.28915,0.28945,0.03,0.02
2011.12.27 08:35:25.597,0.28893,0.28946,0.03,0.04
2011.12.27 08:35:26.375,0.28919,0.2895,0.03,0.04
2011.12.27 08:35:29.958,0.28897,0.28946,0.03,0.03
2011.12.27 08:35:30.517,0.28899,0.28947,0.03,0.03
2011.12.27 08:35:30.947,0.28904,0.28955,0.03,0.03
2011.12.27 08:35:31.421,0.28929,0.2896,0.03,0.03
2011.12.27 08:35:32.108,0.28906,0.28957,0.03,0.03
2011.12.27 08:35:32.606,0.28932,0.28962,0.03,0.02
2011.12.27 08:35:35.538,0.28906,0.28956,0.03,0.03
2011.12.27 08:35:39.932,0.28909,0.28956,0.03,0.03
2011.12.27 08:35:41.083,0.28934,0.28964,0.03,0.02
2011.12.27 08:35:55.411,0.28909,0.28956,0.03,0.03
2011.12.27 08:36:01.061,0.2891,0.28964,0.03,0.02
2011.12.27 08:36:14.311,0.28912,0.28965,0.03,0.03
2011.12.27 08:36:15.368,0.28937,0.28967,0.03,0.02
2011.12.27 08:36:19.836,0.28919,0.28967,0.03,0.03
2011.12.27 08:36:20.101,0.28945,0.28975,0.03,0.02
2011.12.27 08:36:20.811,0.2892,0.28966,0.03,0.03
2011.12.27 08:36:21.189,0.28925,0.28976,0.03,0.03
2011.12.27 08:36:21.361,0.28928,0.28976,0.03,0.03
2011.12.27 08:36:21.418,0.28949,0.2898,0.03,0.03
2011.12.27 08:36:22.503,0.28931,0.28984,0.03,0.02
2011.12.27 08:36:24.931,0.28958,0.28989,0.03,0.02
2011.12.27 08:36:28.011,0.28931,0.28986,0.03,0.03
2011.12.27 08:36:49.164,0.28934,0.28987,0.03,0.04
2011.12.27 08:36:54.962,0.2893,0.28986,0.03,0.03
2011.12.27 08:36:55.344,0.28953,0.28986,0.03,0.02
2011.12.27 08:36:59.103,0.28929,0.28984,0.03,0.02
2011.12.27 08:36:59.545,0.28926,0.28976,0.03,0.03
2011.12.27 08:37:00.270,0.2895,0.28981,0.03,0.03
2011.12.27 08:37:00.961,0.28925,0.28976,0.03,0.03
2011.12.27 08:37:06.431,0.28925,0.28977,0.03,0.03
2011.12.27 08:37:12.457,0.28928,0.28977,0.03,0.03
2011.12.27 08:37:13.678,0.28926,0.28976,0.03,0.03
2011.12.27 08:37:16.386,0.28928,0.28977,0.03,0.03
2011.12.27 08:37:17.407,0.28931,0.28984,0.03,0.03
2011.12.27 08:37:18.847,0.28926,0.28976,0.03,0.03
2011.12.27 08:37:19.808,0.2895,0.2898,0.03,0.02
2011.12.27 08:37:21.351,0.28924,0.28976,0.03,0.03
2011.12.27 08:37:22.298,0.28948,0.28979,0.03,0.03
2011.12.27 08:37:22.567,0.28922,0.28975,0.03,0.03
2011.12.27 08:37:23.278,0.28919,0.28974,0.03,0.03
2011.12.27 08:37:23.778,0.28924,0.28976,0.03,0.03
2011.12.27 08:37:24.923,0.28949,0.28979,0.03,0.02
2011.12.27 08:37:39.280,0.28928,0.28977,0.03,0.03
2011.12.27 08:37:39.517,0.28929,0.28977,0.03,0.03
2011.12.27 08:37:39.841,0.28931,0.28985,0.03,0.03
2011.12.27 08:37:39.897,0.28953,0.28986,0.03,0.04
2011.12.27 08:37:41.581,0.28928,0.28981,0.03,0.02
2011.12.27 08:37:42.334,0.2895,0.2898,0.03,0.02
2011.12.27 08:37:52.827,0.28925,0.28977,0.03,0.03
2011.12.27 08:37:54.010,0.28923,0.28976,0.03,0.03
2011.12.27 08:37:54.648,0.28948,0.28979,0.03,0.03
2011.12.27 08:38:02.806,0.28924,0.28977,0.03,0.03
2011.12.27 08:38:05.068,0.28949,0.28979,0.03,0.02
2011.12.27 08:38:20.732,0.28925,0.28977,0.03,0.03
2011.12.27 08:38:38.948,0.28925,0.28977,0.03,0.03
2011.12.27 08:38:54.251,0.28922,0.28977,0.03,0.05
2011.12.27 08:38:55.648,0.28947,0.28977,0.03,0.02
2011.12.27 08:39:09.593,0.28923,0.28976,0.03,0.03
2011.12.27 08:39:10.309,0.28949,0.28979,0.03,0.02
2011.12.27 08:39:10.682,0.28925,0.28977,0.03,0.03
2011.12.27 08:39:11.521,0.28953,0.28983,0.03,0.02
2011.12.27 08:39:20.942,0.28927,0.28977,0.03,0.03
2011.12.27 08:39:47.238,0.28927,0.28976,0.03,0.03
2011.12.27 08:39:47.942,0.28955,0.28985,0.03,0.02
2011.12.27 08:40:11.848,0.28929,0.28984,0.03,0.03
2011.12.27 08:40:19.667,0.28936,0.28986,0.03,0.04
2011.12.27 08:40:19.886,0.28935,0.28987,0.03,0.03
2011.12.27 08:40:20.394,0.28936,0.28987,0.03,0.03
2011.12.27 08:40:20.818,0.2894,0.28987,0.03,0.03
2011.12.27 08:40:20.958,0.28968,0.28999,0.03,0.03
2011.12.27 08:40:21.018,0.28939,0.28995,0.03,0.03
2011.12.27 08:40:29.920,0.2894,0.28987,0.03,0.03
2011.12.27 08:40:33.439,0.28937,0.28986,0.03,0.03
2011.12.27 08:40:36.438,0.28936,0.28986,0.03,0.03
2011.12.27 08:40:36.819,0.28964,0.28994,0.03,0.02
2011.12.27 08:40:38.300,0.28937,0.28986,0.03,0.03
2011.12.27 08:40:38.525,0.28937,0.28986,0.03,0.03
2011.12.27 08:40:41.111,0.28949,0.28993,0.03,0.03
2011.12.27 08:40:41.169,0.28949,0.29,0.03,0.03
2011.12.27 08:40:41.336,0.28964,0.29,0.03,0.03
2011.12.27 08:40:41.399,0.28947,0.29,0.05,0.03
2011.12.27 08:40:41.579,0.2895,0.29,0.03,0.03
2011.12.27 08:40:41.700,0.28973,0.29003,0.03,0.02
2011.12.27 08:40:42.887,0.28946,0.28997,0.03,0.03
2011.12.27 08:40:45.445,0.28975,0.29005,0.03,0.02
2011.12.27 08:40:48.688,0.28949,0.28996,0.03,0.03
2011.12.27 08:40:49.298,0.28948,0.28996,0.03,0.03
2011.12.27 08:40:51.771,0.28947,0.28996,0.03,0.03
2011.12.27 08:40:52.796,0.28972,0.29003,0.03,0.03
2011.12.27 08:40:56.188,0.28942,0.28996,0.03,0.04
2011.12.27 08:40:56.274,0.28969,0.29,0.03,0.04
2011.12.27 08:40:56.408,0.28941,0.28994,0.03,0.03
2011.12.27 08:40:57.474,0.28965,0.28996,0.03,0.03
2011.12.27 08:40:57.587,0.28939,0.28992,0.03,0.03
2011.12.27 08:40:57.937,0.28937,0.28986,0.03,0.03
2011.12.27 08:40:58.498,0.28933,0.28987,0.03,0.03
2011.12.27 08:40:58.774,0.2896,0.2899,0.03,0.02
2011.12.27 08:40:59.757,0.28928,0.28983,0.03,0.02
2011.12.27 08:41:00.411,0.2893,0.28982,0.03,0.02
2011.12.27 08:41:01.289,0.28954,0.28985,0.03,0.03
2011.12.27 08:41:02.462,0.28954,0.2899,0.03,0.03
2011.12.27 08:41:02.967,0.28953,0.28987,0.03,0.03
2011.12.27 08:41:03.643,0.28977,0.29008,0.03,0.03
2011.12.27 08:41:08.639,0.28944,0.28997,0.03,0.04
2011.12.27 08:41:08.898,0.28946,0.28996,0.03,0.03
2011.12.27 08:41:09.731,0.28973,0.29004,0.03,0.03
2011.12.27 08:41:14.138,0.28948,0.28996,0.03,0.03
2011.12.27 08:41:14.492,0.28975,0.29005,0.03,0.02
2011.12.27 08:41:15.328,0.28949,0.29005,0.03,0.02
2011.12.27 08:41:19.693,0.28948,0.29003,0.03,0.03
2011.12.27 08:41:20.570,0.28978,0.29008,0.03,0.02
2011.12.27 08:41:21.011,0.28948,0.29001,0.03,0.02
2011.12.27 08:41:21.236,0.28948,0.28997,0.03,0.03
2011.12.27 08:41:22.418,0.28946,0.28996,0.03,0.03
2011.12.27 08:41:23.011,0.28945,0.28996,0.03,0.03
2011.12.27 08:41:23.069,0.28973,0.29003,0.03,0.02
2011.12.27 08:41:23.348,0.2894,0.28995,0.03,0.02
2011.12.27 08:41:24.265,0.28967,0.28997,0.03,0.02
2011.12.27 08:41:25.029,0.2894,0.28994,0.03,0.03
2011.12.27 08:41:25.785,0.2894,0.28995,0.03,0.02
2011.12.27 08:41:30.864,0.28939,0.28992,0.03,0.03
2011.12.27 08:41:31.180,0.28937,0.28986,0.03,0.03
2011.12.27 08:41:31.702,0.28933,0.28986,0.03,0.04
2011.12.27 08:41:31.904,0.28957,0.28988,0.03,0.04
2011.12.27 08:41:35.790,0.28934,0.28986,0.03,0.03
2011.12.27 08:41:38.056,0.28933,0.28986,0.03,0.05
2011.12.27 08:41:39.093,0.28954,0.28986,0.03,0.04
2011.12.27 08:41:46.938,0.28934,0.28986,0.03,0.03
2011.12.27 08:41:47.115,0.28954,0.2899,0.03,0.03
2011.12.27 08:41:47.492,0.28969,0.28999,0.03,0.02
2011.12.27 08:42:02.272,0.28944,0.28996,0.03,0.03
2011.12.27 08:42:03.668,0.28965,0.28997,0.03,0.02
2011.12.27 08:42:04.250,0.28948,0.28997,0.03,0.03
2011.12.27 08:42:04.820,0.2897,0.29001,0.03,0.03
2011.12.27 08:42:26.590,0.28946,0.28997,0.03,0.03
2011.12.27 08:42:28.112,0.28967,0.28997,0.03,0.02
2011.12.27 08:42:29.739,0.28944,0.28997,0.03,0.03
2011.12.27 08:42:58.390,0.28944,0.28997,0.03,0.03
2011.12.27 08:42:59.375,0.2897,0.29001,0.03,0.03
2011.12.27 08:42:59.884,0.28968,0.28998,0.03,0.02
2011.12.27 08:43:24.893,0.28943,0.28996,0.03,0.03
2011.12.27 08:43:25.580,0.28942,0.28996,0.03,0.03
2011.12.27 08:43:26.588,0.28965,0.28996,0.03,0.02
2011.12.27 08:43:32.239,0.28943,0.28996,0.03,0.05
2011.12.27 08:44:06.251,0.28942,0.28996,0.03,0.03
2011.12.27 08:44:06.947,0.28967,0.28997,0.03,0.02
2011.12.27 08:44:20.649,0.28943,0.28997,0.03,0.04
2011.12.27 08:44:24.050,0.28942,0.28996,0.03,0.02
2011.12.27 08:44:25.264,0.28964,0.28996,0.03,0.02
2011.12.27 08:44:34.149,0.28943,0.28997,0.03,0.03
2011.12.27 08:44:34.881,0.28967,0.28998,0.03,0.03
2011.12.27 08:44:47.368,0.28941,0.28996,0.03,0.03
2011.12.27 08:44:48.346,0.28964,0.28996,0.03,0.02
2011.12.27 08:44:49.640,0.28968,0.28999,0.03,0.03
2011.12.27 08:44:51.088,0.28944,0.28997,0.03,0.03
2011.12.27 08:45:08.227,0.28943,0.28994,0.02,0.03
2011.12.27 08:45:09.184,0.28965,0.28996,0.03,0.03
2011.12.27 08:45:09.819,0.28941,0.28996,0.03,0.02
2011.12.27 08:45:10.182,0.28968,0.28998,0.03,0.04
2011.12.27 08:45:17.649,0.28941,0.28994,0.03,0.02
2011.12.27 08:45:18.809,0.28965,0.28996,0.03,0.02
2011.12.27 08:45:20.591,0.28942,0.28995,0.03,0.02
2011.12.27 08:45:21.119,0.28943,0.28996,0.03,0.04
2011.12.27 08:45:21.239,0.28967,0.28997,0.03,0.02
2011.12.27 08:45:26.418,0.28944,0.28996,0.03,0.03
2011.12.27 08:46:21.417,0.28944,0.28996,0.03,0.03
2011.12.27 08:46:21.738,0.28943,0.28997,0.03,0.03
2011.12.27 08:46:21.965,0.28943,0.29004,0.03,0.03
2011.12.27 08:46:24.397,0.28973,0.29004,0.03,0.02
2011.12.27 08:46:29.809,0.28948,0.29003,0.03,0.03
2011.12.27 08:46:30.358,0.28949,0.28997,0.03,0.03
2011.12.27 08:46:31.762,0.28975,0.29005,0.03,0.02
2011.12.27 08:46:35.505,0.28953,0.29006,0.03,0.03
2011.12.27 08:46:36.770,0.28977,0.29007,0.03,0.02
2011.12.27 08:46:38.758,0.28955,0.29006,0.03,0.03
2011.12.27 08:46:39.141,0.28979,0.29009,0.03,0.02
2011.12.27 08:46:40.918,0.28957,0.29007,0.03,0.03
2011.12.27 08:46:42.258,0.28959,0.29006,0.03,0.03
2011.12.27 08:46:42.859,0.28982,0.29012,0.03,0.02
2011.12.27 08:46:44.079,0.28958,0.29006,0.03,0.03
2011.12.27 08:46:45.209,0.28979,0.29009,0.03,0.02
2011.12.27 08:46:51.428,0.28958,0.29006,0.03,0.03
2011.12.27 08:46:51.646,0.28963,0.29006,0.03,0.03
2011.12.27 08:46:51.799,0.28961,0.29014,0.03,0.02
2011.12.27 08:46:52.737,0.28985,0.29016,0.03,0.03
2011.12.27 08:46:53.399,0.2896,0.29007,0.03,0.03
2011.12.27 08:46:53.938,0.28961,0.29013,0.03,0.03
2011.12.27 08:46:54.309,0.2896,0.29015,0.03,0.03
2011.12.27 08:46:55.278,0.28959,0.29014,0.03,0.02
2011.12.27 08:46:57.148,0.2896,0.29015,0.03,0.03
2011.12.27 08:46:57.656,0.28958,0.29007,0.03,0.03
2011.12.27 08:46:58.746,0.28982,0.29012,0.03,0.02
2011.12.27 08:46:59.621,0.28959,0.29007,0.03,0.03
2011.12.27 08:47:01.006,0.28959,0.29007,0.03,0.03
2011.12.27 08:47:01.154,0.28984,0.29014,0.03,0.02
2011.12.27 08:47:01.455,0.28957,0.29007,0.03,0.03
2011.12.27 08:47:02.423,0.2898,0.2901,0.03,0.02
2011.12.27 08:47:05.389,0.2895,0.29006,0.03,0.03
2011.12.27 08:47:06.084,0.28975,0.29006,0.03,0.02
2011.12.27 08:47:21.809,0.28975,0.29007,0.03,0.02
2011.12.27 08:47:22.347,0.28975,0.29009,0.03,0.03
2011.12.27 08:47:23.200,0.28979,0.29015,0.03,0.03
2011.12.27 08:47:24.369,0.28964,0.29015,0.03,0.03
2011.12.27 08:47:25.877,0.28982,0.29016,0.03,0.02
2011.12.27 08:47:36.379,0.28962,0.29015,0.03,0.03
2011.12.27 08:47:40.788,0.28961,0.29014,0.03,0.03
2011.12.27 08:47:41.668,0.2898,0.29014,0.03,0.04
2011.12.27 08:47:48.139,0.2898,0.29014,0.03,0.03
2011.12.27 08:47:48.401,0.2898,0.29014,0.03,0.03
2011.12.27 08:47:48.571,0.2898,0.29014,0.03,0.03
2011.12.27 08:47:48.853,0.28994,0.29026,0.03,0.04
2011.12.27 08:47:49.509,0.28973,0.29026,0.03,0.03
2011.12.27 08:47:50.207,0.28993,0.29026,0.03,0.02
2011.12.27 08:47:52.485,0.2897,0.29026,0.03,0.03
2011.12.27 08:47:53.372,0.28969,0.29024,0.03,0.03
2011.12.27 08:47:58.654,0.28961,0.29014,0.03,0.02
2011.12.27 08:47:59.865,0.28983,0.29014,0.03,0.02
2011.12.27 08:48:01.623,0.28964,0.29017,0.03,0.05
2011.12.27 08:48:02.450,0.28988,0.29019,0.03,0.02
2011.12.27 08:48:09.731,0.28963,0.29017,0.03,0.04
2011.12.27 08:48:10.905,0.28984,0.29016,0.03,0.02
2011.12.27 08:48:14.925,0.28963,0.29016,0.03,0.03
2011.12.27 08:48:33.934,0.28961,0.29017,0.03,0.04
2011.12.27 08:48:35.246,0.28982,0.29017,0.03,0.04
2011.12.27 08:48:46.181,0.2896,0.29015,0.03,0.03
2011.12.27 08:48:47.582,0.2896,0.29013,0.03,0.02
2011.12.27 08:48:54.183,0.28958,0.29007,0.03,0.03
2011.12.27 08:48:54.671,0.28979,0.29009,0.03,0.02
2011.12.27 08:48:54.854,0.28957,0.29007,0.03,0.03
2011.12.27 08:48:55.261,0.28954,0.29006,0.03,0.03
2011.12.27 08:48:55.751,0.28978,0.29009,0.03,0.03
2011.12.27 08:48:59.433,0.28954,0.29006,0.03,0.03
2011.12.27 08:49:01.132,0.28955,0.29006,0.03,0.03
2011.12.27 08:49:01.993,0.28979,0.29009,0.03,0.02
2011.12.27 08:49:10.809,0.28955,0.29007,0.03,0.03
2011.12.27 08:49:11.770,0.28955,0.29006,0.03,0.03
2011.12.27 08:49:12.109,0.28954,0.29006,0.03,0.03
2011.12.27 08:49:16.616,0.28978,0.29009,0.03,0.03
2011.12.27 08:49:19.197,0.28952,0.29006,0.03,0.05
2011.12.27 08:49:25.103,0.28974,0.29006,0.03,0.04
2011.12.27 08:49:26.432,0.28952,0.29006,0.03,0.03
2011.12.27 08:49:27.532,0.28954,0.29006,0.03,0.03
2011.12.27 08:49:27.623,0.28978,0.29008,0.03,0.02
2011.12.27 08:49:28.823,0.2898,0.2901,0.03,0.02
2011.12.27 08:49:32.632,0.28954,0.29007,0.03,0.05
2011.12.27 08:49:33.391,0.28953,0.29006,0.03,0.05
2011.12.27 08:49:33.693,0.28978,0.29008,0.03,0.02
2011.12.27 08:49:43.259,0.2895,0.29006,0.03,0.05
2011.12.27 08:49:44.652,0.28951,0.29004,0.03,0.02
2011.12.27 08:49:45.798,0.28975,0.29006,0.03,0.02
2011.12.27 08:49:51.400,0.28946,0.28996,0.03,0.03
2011.12.27 08:49:51.916,0.28947,0.28997,0.03,0.03
2011.12.27 08:49:51.987,0.2897,0.29,0.03,0.02
2011.12.27 08:50:02.380,0.2895,0.28997,0.03,0.03
2011.12.27 08:50:02.965,0.28973,0.29005,0.03,0.02
2011.12.27 08:50:03.782,0.28954,0.29007,0.03,0.05
2011.12.27 08:50:04.013,0.28953,0.29006,0.03,0.02
2011.12.27 08:50:04.353,0.28954,0.29007,0.03,0.03
2011.12.27 08:50:05.363,0.28956,0.29006,0.03,0.03
2011.12.27 08:50:05.541,0.28957,0.29006,0.03,0.03
2011.12.27 08:50:06.294,0.28959,0.29006,0.03,0.03
2011.12.27 08:50:06.553,0.28961,0.29009,0.03,0.03
2011.12.27 08:50:06.674,0.2898,0.29014,0.03,0.04
2011.12.27 08:50:07.612,0.28959,0.29014,0.03,0.03
2011.12.27 08:50:07.833,0.28962,0.29014,0.03,0.03
2011.12.27 08:50:07.893,0.28984,0.29016,0.03,0.02
2011.12.27 08:50:09.043,0.28988,0.29018,0.03,0.02
2011.12.27 08:50:10.961,0.2896,0.29013,0.03,0.03
2011.12.27 08:50:11.432,0.28979,0.29011,0.03,0.02
2011.12.27 08:50:11.951,0.28955,0.29007,0.03,0.03
2011.12.27 08:50:14.202,0.28957,0.29007,0.03,0.03
2011.12.27 08:50:15.203,0.28982,0.29012,0.03,0.02
2011.12.27 08:50:21.691,0.2896,0.29007,0.03,0.03
2011.12.27 08:50:22.240,0.28962,0.29017,0.03,0.03
2011.12.27 08:50:22.624,0.28988,0.29018,0.03,0.02
2011.12.27 08:50:26.020,0.28962,0.29016,0.03,0.03
2011.12.27 08:50:30.832,0.28961,0.29014,0.03,0.03
2011.12.27 08:50:31.921,0.28957,0.29006,0.03,0.03
2011.12.27 08:50:32.054,0.28985,0.29016,0.03,0.03
2011.12.27 08:50:32.681,0.28955,0.29006,0.03,0.03
2011.12.27 08:50:33.665,0.28979,0.29009,0.03,0.02
2011.12.27 08:50:33.852,0.28948,0.29004,0.03,0.03
2011.12.27 08:50:34.547,0.28974,0.29004,0.03,0.02
2011.12.27 08:50:43.422,0.28951,0.29006,0.03,0.05
2011.12.27 08:50:44.404,0.28979,0.29009,0.03,0.02
2011.12.27 08:50:44.852,0.28955,0.29007,0.03,0.03
2011.12.27 08:50:45.594,0.28983,0.29013,0.03,0.02
2011.12.27 08:50:48.238,0.28958,0.29006,0.03,0.03
2011.12.27 08:50:49.283,0.28985,0.29016,0.03,0.03
2011.12.27 08:50:51.449,0.28955,0.29007,0.03,0.03
2011.12.27 08:50:51.913,0.28952,0.29007,0.03,0.04
2011.12.27 08:50:52.234,0.28946,0.29005,0.03,0.02
2011.12.27 08:50:53.078,0.28974,0.29005,0.03,0.03
2011.12.27 08:50:55.311,0.28973,0.29003,0.03,0.02
2011.12.27 08:51:00.398,0.28951,0.29007,0.03,0.07
2011.12.27 08:51:01.590,0.28979,0.29009,0.03,0.02
2011.12.27 08:51:05.049,0.28978,0.29009,0.03,0.03
2011.12.27 08:51:10.712,0.28951,0.28996,0.03,0.02
2011.12.27 08:51:11.216,0.28975,0.29005,0.03,0.02
2011.12.27 08:51:17.441,0.28948,0.28996,0.03,0.03
2011.12.27 08:51:24.641,0.28949,0.28997,0.03,0.03
2011.12.27 08:51:28.130,0.28949,0.28997,0.03,0.03
2011.12.27 08:51:38.383,0.28951,0.29006,0.03,0.05
2011.12.27 08:51:39.550,0.28977,0.29008,0.03,0.05
2011.12.27 08:51:45.703,0.28948,0.28996,0.03,0.03
2011.12.27 08:51:46.143,0.28945,0.28996,0.03,0.03
2011.12.27 08:51:46.947,0.28969,0.28999,0.03,0.02
2011.12.27 08:52:09.554,0.28942,0.28996,0.03,0.02
2011.12.27 08:52:11.942,0.28968,0.28999,0.03,0.02
2011.12.27 08:52:29.842,0.28944,0.28997,0.03,0.05
2011.12.27 08:52:45.025,0.28946,0.28996,0.03,0.03
2011.12.27 08:52:45.264,0.28951,0.29002,0.03,0.03
2011.12.27 08:52:45.555,0.28972,0.29004,0.03,0.02
2011.12.27 08:52:45.681,0.28952,0.29006,0.03,0.03
2011.12.27 08:52:49.133,0.28977,0.29007,0.03,0.04
2011.12.27 08:52:50.784,0.28953,0.29007,0.03,0.03
2011.12.27 08:52:53.853,0.28951,0.29006,0.03,0.04
2011.12.27 08:53:03.901,0.28956,0.29006,0.03,0.03
2011.12.27 08:53:04.950,0.28979,0.29009,0.03,0.02
2011.12.27 08:53:13.187,0.2896,0.29013,0.03,0.03
2011.12.27 08:53:13.575,0.28987,0.29017,0.03,0.02
2011.12.27 08:53:15.875,0.28985,0.29015,0.03,0.02
2011.12.27 08:53:17.066,0.28988,0.29018,0.03,0.02
2011.12.27 08:53:22.381,0.28962,0.29015,0.03,0.02
2011.12.27 08:53:23.285,0.2899,0.2902,0.03,0.02
2011.12.27 08:53:24.365,0.28988,0.29018,0.03,0.02
2011.12.27 08:53:29.514,0.28961,0.29014,0.03,0.02
2011.12.27 08:53:30.543,0.28985,0.29016,0.03,0.02
2011.12.27 08:53:33.052,0.28988,0.29019,0.03,0.02
2011.12.27 08:53:36.605,0.28985,0.29016,0.03,0.02
2011.12.27 08:53:48.738,0.28987,0.29017,0.03,0.02
2011.12.27 08:53:58.694,0.28962,0.29015,0.03,0.02
2011.12.27 08:53:59.757,0.28989,0.29019,0.03,0.02
2011.12.27 08:54:02.614,0.28965,0.29017,0.03,0.03
2011.12.27 08:54:03.445,0.28995,0.29025,0.03,0.02
2011.12.27 08:54:12.711,0.28973,0.29027,0.03,0.03
2011.12.27 08:54:13.214,0.28997,0.29027,0.03,0.02
2011.12.27 08:54:16.400,0.28974,0.29027,0.03,0.03
2011.12.27 08:54:23.568,0.28974,0.29027,0.03,0.05
2011.12.27 08:54:25.329,0.28994,0.29027,0.03,0.04
2011.12.27 08:54:33.864,0.28971,0.29026,0.03,0.02
2011.12.27 08:54:45.150,0.28974,0.29026,0.03,0.03
2011.12.27 08:54:46.082,0.28998,0.29029,0.03,0.04
2011.12.27 08:54:48.253,0.28973,0.29027,0.03,0.03
2011.12.27 08:54:48.654,0.28974,0.29026,0.03,0.03
2011.12.27 08:54:49.770,0.28974,0.29026,0.03,0.03
2011.12.27 08:54:51.166,0.28999,0.29029,0.03,0.02
2011.12.27 08:54:58.692,0.28977,0.29026,0.03,0.03
2011.12.27 08:54:59.654,0.29002,0.29032,0.03,0.02
2011.12.27 08:55:12.904,0.28975,0.29027,0.03,0.03
2011.12.27 08:55:14.038,0.28997,0.29027,0.03,0.02
2011.12.27 08:55:14.511,0.28974,0.29027,0.03,0.04
2011.12.27 08:55:15.014,0.28983,0.29033,0.03,0.03
2011.12.27 08:55:15.181,0.28983,0.29033,0.03,0.03
2011.12.27 08:55:15.338,0.29008,0.29039,0.03,0.02
2011.12.27 08:55:24.801,0.28974,0.2903,0.03,0.02
2011.12.27 08:55:26.335,0.28997,0.29027,0.03,0.02
2011.12.27 08:55:28.713,0.28972,0.29027,0.03,0.04
2011.12.27 08:55:52.325,0.2898,0.29027,0.03,0.03
2011.12.27 08:55:53.109,0.29008,0.29039,0.03,0.03
2011.12.27 08:55:56.331,0.2898,0.29027,0.03,0.03
2011.12.27 08:55:56.767,0.28999,0.29029,0.03,0.02
2011.12.27 08:56:07.724,0.28976,0.29026,0.03,0.03
2011.12.27 08:56:09.000,0.28998,0.29028,0.03,0.02
2011.12.27 08:56:11.910,0.28976,0.29026,0.03,0.03
2011.12.27 08:56:12.684,0.28999,0.29029,0.03,0.02
2011.12.27 08:56:25.014,0.28974,0.29027,0.03,0.04
2011.12.27 08:56:26.020,0.28997,0.29027,0.03,0.04
2011.12.27 08:57:13.913,0.28973,0.29026,0.03,0.05
2011.12.27 08:57:14.794,0.28995,0.29026,0.03,0.04
2011.12.27 08:57:49.530,0.28967,0.2902,0.03,0.03
2011.12.27 08:57:50.049,0.28961,0.29016,0.03,0.03
2011.12.27 08:57:50.328,0.28985,0.29016,0.03,0.02
2011.12.27 08:57:52.250,0.28961,0.29015,0.03,0.03
2011.12.27 08:58:01.559,0.2896,0.29013,0.03,0.03
2011.12.27 08:58:02.259,0.2896,0.29014,0.03,0.02
2011.12.27 08:58:08.179,0.28959,0.29015,0.03,0.02
2011.12.27 08:58:11.789,0.28961,0.29014,0.03,0.03
2011.12.27 08:58:17.420,0.28959,0.29015,0.03,0.02
2011.12.27 08:58:18.114,0.28959,0.29006,0.03,0.03
2011.12.27 08:58:25.779,0.28959,0.29006,0.03,0.03
2011.12.27 08:58:30.767,0.28961,0.29014,0.03,0.02
2011.12.27 08:58:50.930,0.28954,0.29014,0.03,0.02
2011.12.27 08:59:20.795,0.28954,0.29015,0.03,0.03
2011.12.27 08:59:33.055,0.28954,0.29012,0.03,0.03
2011.12.27 08:59:36.142,0.28954,0.29006,0.03,0.03
2011.12.27 08:59:43.922,0.28954,0.29006,0.03,0.03
2011.12.27 08:59:44.235,0.28953,0.29007,0.03,0.03
2011.12.27 08:59:44.802,0.28983,0.29014,0.03,0.02
2011.12.27 08:59:50.394,0.28983,0.29017,0.03,0.03
2011.12.27 08:59:50.592,0.28983,0.29017,0.03,0.03
2011.12.27 08:59:51.039,0.28999,0.2903,0.03,0.04
2011.12.27 08:59:51.280,0.28972,0.29026,0.03,0.03
2011.12.27 08:59:53.474,0.28973,0.29026,0.03,0.03
2011.12.27 08:59:54.750,0.28974,0.29026,0.03,0.03
2011.12.27 08:59:58.354,0.28974,0.29026,0.03,0.03
2011.12.27 08:59:59.399,0.2898,0.29026,0.03,0.03
