2011.12.15 23:00:00.428,0.29235,0.29325,0.04,0.04
2011.12.15 23:00:01.676,0.29235,0.29325,0.05,0.04
2011.12.15 23:00:02.360,0.29233,0.29315,0.05,0.04
2011.12.15 23:00:03.206,0.29233,0.29315,0.03,0.04
2011.12.15 23:00:03.269,0.29225,0.29315,0.04,0.05
2011.12.15 23:00:05.199,0.29218,0.29306,0.05,0.04
2011.12.15 23:00:06.000,0.29218,0.29306,0.05,0.05
2011.12.15 23:00:10.383,0.29215,0.29305,0.05,0.04
2011.12.15 23:00:11.245,0.29215,0.29305,0.05,0.05
2011.12.15 23:00:11.896,0.29215,0.29305,0.05,0.05
2011.12.15 23:00:13.126,0.29217,0.29307,0.04,0.05
2011.12.15 23:00:13.197,0.29217,0.29307,0.05,0.05
2011.12.15 23:00:13.630,0.29217,0.29307,0.05,0.05
2011.12.15 23:00:16.037,0.29217,0.29307,0.05,0.04
2011.12.15 23:00:17.121,0.29217,0.29307,0.05,0.04
2011.12.15 23:00:18.018,0.29223,0.29311,0.05,0.05
2011.12.15 23:00:18.717,0.29223,0.29311,0.05,0.04
2011.12.15 23:00:19.882,0.29225,0.29315,0.05,0.05
2011.12.15 23:00:21.463,0.29225,0.29305,0.04,0.03
2011.12.15 23:00:24.146,0.29207,0.29297,0.05,0.05
2011.12.15 23:00:26.916,0.29207,0.29297,0.04,0.05
2011.12.15 23:00:27.564,0.29207,0.29297,0.04,0.08
2011.12.15 23:00:27.801,0.29198,0.29286,0.05,0.04
2011.12.15 23:00:28.807,0.29198,0.29286,0.05,0.05
2011.12.15 23:00:29.371,0.29198,0.29286,0.05,0.04
2011.12.15 23:00:29.783,0.29202,0.29292,0.05,0.05
2011.12.15 23:00:32.893,0.29202,0.29292,0.05,0.05
2011.12.15 23:00:34.495,0.29202,0.29292,0.05,0.05
2011.12.15 23:00:35.576,0.29202,0.29292,0.05,0.05
2011.12.15 23:00:43.253,0.29202,0.29292,0.05,0.05
2011.12.15 23:00:43.473,0.29202,0.29292,0.04,0.05
2011.12.15 23:00:44.005,0.29197,0.29287,0.05,0.05
2011.12.15 23:00:44.925,0.29197,0.29287,0.05,0.05
2011.12.15 23:00:47.073,0.29195,0.29285,0.05,0.04
2011.12.15 23:00:47.772,0.29202,0.29292,0.05,0.05
2011.12.15 23:00:48.937,0.29202,0.29292,0.04,0.05
2011.12.15 23:00:49.862,0.29198,0.29286,0.05,0.05
2011.12.15 23:01:04.406,0.29198,0.29286,0.04,0.05
2011.12.15 23:01:06.066,0.29195,0.29285,0.05,0.05
2011.12.15 23:01:19.616,0.29195,0.29285,0.05,0.05
2011.12.15 23:01:33.225,0.2919,0.2928,0.05,0.04
2011.12.15 23:01:33.862,0.29196,0.29284,0.05,0.05
2011.12.15 23:01:50.465,0.29196,0.29284,0.05,0.05
2011.12.15 23:01:52.186,0.29197,0.29287,0.05,0.05
2011.12.15 23:02:03.820,0.29197,0.29287,0.05,0.05
2011.12.15 23:02:19.412,0.29197,0.29287,0.05,0.05
2011.12.15 23:02:25.482,0.29202,0.29292,0.05,0.05
2011.12.15 23:02:26.199,0.29201,0.29289,0.04,0.05
2011.12.15 23:02:26.256,0.29201,0.29289,0.05,0.05
2011.12.15 23:02:26.795,0.29201,0.29289,0.05,0.04
2011.12.15 23:02:27.242,0.29201,0.29289,0.05,0.05
2011.12.15 23:02:27.800,0.29202,0.29292,0.04,0.05
2011.12.15 23:03:04.786,0.29202,0.29292,0.04,0.05
2011.12.15 23:03:05.859,0.292,0.2929,0.05,0.05
2011.12.15 23:03:27.525,0.292,0.2929,0.04,0.05
2011.12.15 23:03:29.799,0.29198,0.29286,0.05,0.05
2011.12.15 23:04:22.545,0.29198,0.29286,0.05,0.05
2011.12.15 23:04:45.919,0.29201,0.29289,0.04,0.05
2011.12.15 23:04:51.968,0.29196,0.29284,0.05,0.04
2011.12.15 23:04:54.581,0.29196,0.29284,0.05,0.04
2011.12.15 23:04:56.147,0.29203,0.29291,0.05,0.05
2011.12.15 23:04:56.414,0.29203,0.29289,0.04,0.02
2011.12.15 23:04:57.857,0.29174,0.29244,0.05,0.04
2011.12.15 23:05:00.543,0.29174,0.29244,0.02,0.04
2011.12.15 23:05:00.606,0.29163,0.29244,0.03,0.04
2011.12.15 23:05:01.911,0.29163,0.29239,0.03,0.04
2011.12.15 23:05:01.977,0.29151,0.29239,0.05,0.05
2011.12.15 23:05:02.305,0.29151,0.29239,0.05,0.04
2011.12.15 23:05:03.495,0.29151,0.29239,0.04,0.04
2011.12.15 23:05:03.715,0.29151,0.29239,0.04,0.05
2011.12.15 23:05:06.058,0.29146,0.29234,0.05,0.04
2011.12.15 23:05:14.036,0.29143,0.29231,0.05,0.04
2011.12.15 23:05:15.897,0.29145,0.29235,0.05,0.05
2011.12.15 23:05:24.037,0.29143,0.29231,0.05,0.04
2011.12.15 23:05:30.043,0.29143,0.29231,0.05,0.05
2011.12.15 23:05:31.317,0.29143,0.29231,0.04,0.05
2011.12.15 23:05:31.847,0.29136,0.29224,0.05,0.04
2011.12.15 23:05:34.030,0.29136,0.29224,0.05,0.04
2011.12.15 23:05:34.904,0.29136,0.29224,0.05,0.04
2011.12.15 23:05:35.807,0.29143,0.29231,0.05,0.04
2011.12.15 23:05:38.604,0.29143,0.29231,0.05,0.05
2011.12.15 23:05:39.170,0.29143,0.29231,0.04,0.05
2011.12.15 23:05:39.573,0.29143,0.29231,0.05,0.04
2011.12.15 23:05:40.014,0.29143,0.29231,0.05,0.04
2011.12.15 23:05:40.456,0.29146,0.29231,0.02,0.04
2011.12.15 23:05:41.983,0.2915,0.29231,0.02,0.04
2011.12.15 23:05:42.077,0.29153,0.29241,0.05,0.04
2011.12.15 23:05:45.525,0.29153,0.29241,0.05,0.05
2011.12.15 23:05:45.927,0.29147,0.29237,0.06,0.04
2011.12.15 23:05:46.627,0.29147,0.29237,0.05,0.04
2011.12.15 23:05:48.017,0.2915,0.2924,0.05,0.04
2011.12.15 23:06:07.746,0.2915,0.2924,0.06,0.04
2011.12.15 23:06:07.927,0.29152,0.29242,0.05,0.04
2011.12.15 23:06:31.145,0.29152,0.29242,0.05,0.04
2011.12.15 23:06:32.037,0.29156,0.29244,0.05,0.04
2011.12.15 23:06:41.463,0.29158,0.29244,0.03,0.04
2011.12.15 23:06:41.949,0.29162,0.29252,0.05,0.04
2011.12.15 23:06:45.216,0.29163,0.29252,0.03,0.04
2011.12.15 23:06:46.313,0.29163,0.29252,0.03,0.04
2011.12.15 23:06:47.024,0.29165,0.29252,0.02,0.04
2011.12.15 23:06:48.012,0.29167,0.29257,0.05,0.04
2011.12.15 23:06:49.215,0.29167,0.29257,0.05,0.04
2011.12.15 23:06:50.075,0.29164,0.29252,0.03,0.04
2011.12.15 23:06:53.716,0.29164,0.29252,0.02,0.04
2011.12.15 23:06:56.015,0.29175,0.29265,0.04,0.05
2011.12.15 23:06:56.855,0.29175,0.29265,0.05,0.05
2011.12.15 23:07:01.043,0.29178,0.29266,0.05,0.05
2011.12.15 23:07:02.066,0.29176,0.29264,0.05,0.04
2011.12.15 23:07:07.035,0.29176,0.29264,0.05,0.04
2011.12.15 23:07:08.115,0.2918,0.2927,0.05,0.05
2011.12.15 23:07:11.711,0.2918,0.2927,0.05,0.05
2011.12.15 23:07:13.124,0.29177,0.29267,0.05,0.04
2011.12.15 23:07:13.836,0.2918,0.2927,0.05,0.05
2011.12.15 23:07:24.663,0.2918,0.2927,0.05,0.04
2011.12.15 23:07:30.814,0.2918,0.2927,0.05,0.04
2011.12.15 23:07:31.985,0.29176,0.29264,0.05,0.04
2011.12.15 23:07:45.393,0.29176,0.29264,0.06,0.04
2011.12.15 23:08:06.584,0.29176,0.29264,0.05,0.04
2011.12.15 23:08:06.804,0.29176,0.29264,0.05,0.04
2011.12.15 23:08:07.443,0.29176,0.29264,0.04,0.04
2011.12.15 23:08:07.664,0.29176,0.29264,0.04,0.05
2011.12.15 23:08:07.794,0.29162,0.29252,0.05,0.04
2011.12.15 23:08:08.666,0.29162,0.29252,0.04,0.05
2011.12.15 23:08:08.887,0.29162,0.2925,0.04,0.03
2011.12.15 23:08:09.884,0.29145,0.29235,0.05,0.04
2011.12.15 23:08:12.085,0.29147,0.29237,0.05,0.04
2011.12.15 23:08:13.816,0.29147,0.29237,0.04,0.05
2011.12.15 23:08:14.003,0.29147,0.29237,0.04,0.06
2011.12.15 23:08:15.824,0.29142,0.29232,0.05,0.05
2011.12.15 23:08:18.213,0.29142,0.2923,0.04,0.03
2011.12.15 23:08:19.185,0.29142,0.29231,0.04,0.03
2011.12.15 23:08:19.784,0.29137,0.29227,0.04,0.05
2011.12.15 23:08:22.616,0.29137,0.29227,0.04,0.06
2011.12.15 23:08:23.033,0.29137,0.29226,0.04,0.02
2011.12.15 23:08:23.907,0.29136,0.29224,0.04,0.05
2011.12.15 23:08:44.573,0.29136,0.29224,0.04,0.05
2011.12.15 23:08:45.853,0.29138,0.29226,0.04,0.05
2011.12.15 23:08:52.394,0.29138,0.29226,0.05,0.04
2011.12.15 23:08:54.216,0.29145,0.29235,0.05,0.05
2011.12.15 23:09:32.553,0.29143,0.29231,0.05,0.05
2011.12.15 23:09:35.296,0.29143,0.29229,0.04,0.03
2011.12.15 23:09:35.864,0.29137,0.29227,0.04,0.05
2011.12.15 23:09:36.503,0.29137,0.29227,0.04,0.05
2011.12.15 23:09:40.205,0.29137,0.29227,0.04,0.08
2011.12.15 23:09:42.128,0.29136,0.29224,0.04,0.05
2011.12.15 23:09:54.232,0.29136,0.29224,0.05,0.05
2011.12.15 23:09:55.817,0.29136,0.29224,0.04,0.05
2011.12.15 23:09:56.692,0.29138,0.29226,0.04,0.06
2011.12.15 23:09:57.184,0.29138,0.29219,0.04,0.03
2011.12.15 23:09:57.492,0.29138,0.29215,0.04,0.03
2011.12.15 23:09:57.830,0.29138,0.29209,0.04,0.02
2011.12.15 23:09:57.973,0.29118,0.29206,0.04,0.05
2011.12.15 23:09:58.054,0.29118,0.29206,0.04,0.05
2011.12.15 23:10:00.062,0.29112,0.29202,0.05,0.05
2011.12.15 23:10:01.341,0.29112,0.29202,0.04,0.05
2011.12.15 23:10:02.043,0.29107,0.29197,0.05,0.05
2011.12.15 23:10:05.671,0.29107,0.29197,0.05,0.05
2011.12.15 23:10:06.532,0.29107,0.29197,0.05,0.04
2011.12.15 23:10:18.355,0.29107,0.29197,0.05,0.04
2011.12.15 23:10:19.026,0.29109,0.29197,0.02,0.04
2011.12.15 23:10:19.972,0.29125,0.29215,0.04,0.05
2011.12.15 23:10:21.724,0.29125,0.29215,0.04,0.06
2011.12.15 23:10:23.823,0.29123,0.29211,0.04,0.05
2011.12.15 23:10:26.953,0.29123,0.29211,0.05,0.05
2011.12.15 23:10:27.783,0.29126,0.29214,0.04,0.05
2011.12.15 23:10:28.384,0.29126,0.29214,0.04,0.05
2011.12.15 23:10:30.093,0.29121,0.29209,0.04,0.05
2011.12.15 23:10:31.953,0.29121,0.29209,0.04,0.05
2011.12.15 23:10:33.362,0.29121,0.29209,0.04,0.05
2011.12.15 23:10:33.894,0.29121,0.29203,0.04,0.03
2011.12.15 23:10:34.562,0.29121,0.29198,0.04,0.03
2011.12.15 23:10:35.282,0.29121,0.29174,0.04,0.02
2011.12.15 23:10:36.034,0.2911,0.29174,0.02,0.02
2011.12.15 23:10:36.097,0.29108,0.29172,0.02,0.02
2011.12.15 23:11:00.038,0.2911,0.29174,0.02,0.02
2011.12.15 23:11:11.806,0.29115,0.29179,0.02,0.02
2011.12.15 23:11:13.835,0.29118,0.29182,0.02,0.02
2011.12.15 23:11:20.354,0.2912,0.29184,0.02,0.02
2011.12.15 23:11:20.937,0.29123,0.29187,0.02,0.02
2011.12.15 23:11:24.467,0.29119,0.29185,0.02,0.02
2011.12.15 23:11:39.747,0.29118,0.29182,0.02,0.02
2011.12.15 23:12:13.441,0.2912,0.29184,0.02,0.02
2011.12.15 23:12:13.770,0.29118,0.29182,0.02,0.02
2011.12.15 23:12:30.696,0.29105,0.29144,0.05,0.02
2011.12.15 23:12:30.853,0.29105,0.29144,0.04,0.02
2011.12.15 23:12:30.918,0.29105,0.29167,0.04,0.02
2011.12.15 23:12:30.978,0.29105,0.2916,0.04,0.02
2011.12.15 23:12:31.189,0.29105,0.29167,0.04,0.02
2011.12.15 23:12:31.367,0.29103,0.29167,0.02,0.02
2011.12.15 23:12:33.987,0.29094,0.2916,0.02,0.02
2011.12.15 23:12:34.916,0.29103,0.29167,0.02,0.02
2011.12.15 23:12:36.045,0.29099,0.29165,0.02,0.02
2011.12.15 23:12:36.107,0.29097,0.29163,0.02,0.02
2011.12.15 23:12:37.647,0.29094,0.2916,0.02,0.02
2011.12.15 23:12:40.629,0.29098,0.29162,0.02,0.02
2011.12.15 23:12:42.473,0.29099,0.29165,0.02,0.02
2011.12.15 23:13:37.897,0.29104,0.2917,0.02,0.02
2011.12.15 23:14:16.117,0.29108,0.29172,0.02,0.02
2011.12.15 23:14:37.125,0.29112,0.29178,0.02,0.02
2011.12.15 23:14:37.249,0.2911,0.29174,0.02,0.02
2011.12.15 23:14:46.265,0.29113,0.29177,0.02,0.02
2011.12.15 23:14:50.801,0.29108,0.29172,0.02,0.02
2011.12.15 23:14:53.378,0.2911,0.29174,0.02,0.02
2011.12.15 23:15:01.739,0.29113,0.29177,0.02,0.02
2011.12.15 23:15:07.977,0.29114,0.2918,0.02,0.02
2011.12.15 23:15:16.136,0.29113,0.29177,0.02,0.02
2011.12.15 23:15:31.191,0.29114,0.2918,0.02,0.02
2011.12.15 23:15:54.076,0.29119,0.29175,0.02,0.02
2011.12.15 23:15:58.755,0.29123,0.29176,0.02,0.02
2011.12.15 23:15:58.878,0.29127,0.29182,0.02,0.02
2011.12.15 23:15:59.855,0.29129,0.29185,0.02,0.02
2011.12.15 23:16:03.049,0.29133,0.29186,0.02,0.02
2011.12.15 23:16:07.561,0.29138,0.29191,0.02,0.02
2011.12.15 23:16:22.548,0.29143,0.29196,0.02,0.02
2011.12.15 23:16:23.448,0.29145,0.29199,0.02,0.02
2011.12.15 23:16:26.918,0.29142,0.29197,0.02,0.02
2011.12.15 23:16:29.757,0.29147,0.29202,0.02,0.02
2011.12.15 23:16:30.417,0.29149,0.29205,0.02,0.02
2011.12.15 23:16:30.578,0.29158,0.29211,0.02,0.02
2011.12.15 23:16:31.707,0.2915,0.29204,0.02,0.02
2011.12.15 23:16:43.773,0.29137,0.29198,0.02,0.02
2011.12.15 23:16:46.293,0.29143,0.29197,0.02,0.02
2011.12.15 23:16:50.932,0.29145,0.29199,0.02,0.02
2011.12.15 23:16:57.490,0.29147,0.29202,0.02,0.02
2011.12.15 23:17:07.439,0.2915,0.29204,0.02,0.02
2011.12.15 23:17:09.158,0.29152,0.29207,0.02,0.02
2011.12.15 23:17:27.564,0.29147,0.29202,0.02,0.02
2011.12.15 23:18:01.035,0.29154,0.2921,0.02,0.02
2011.12.15 23:19:01.234,0.29138,0.29226,0.05,0.05
2011.12.15 23:19:15.540,0.29134,0.29236,0.03,0.03
2011.12.15 23:20:10.499,0.29133,0.29236,0.03,0.03
2011.12.15 23:20:26.718,0.29149,0.29205,0.02,0.02
2011.12.15 23:20:27.815,0.29153,0.29206,0.02,0.02
2011.12.15 23:21:27.078,0.29135,0.29225,0.05,0.04
2011.12.15 23:21:28.061,0.29134,0.29236,0.03,0.03
2011.12.15 23:21:49.618,0.29149,0.29205,0.02,0.02
2011.12.15 23:21:50.140,0.29145,0.29199,0.02,0.02
2011.12.15 23:22:01.680,0.29143,0.29196,0.02,0.02
2011.12.15 23:22:22.661,0.29139,0.29195,0.02,0.02
2011.12.15 23:22:23.290,0.29138,0.29191,0.02,0.02
2011.12.15 23:22:23.670,0.29134,0.2919,0.02,0.02
2011.12.15 23:22:23.788,0.29133,0.29186,0.02,0.02
2011.12.15 23:22:25.100,0.29129,0.29185,0.02,0.02
2011.12.15 23:22:26.328,0.29127,0.29182,0.02,0.02
2011.12.15 23:22:38.876,0.29125,0.29179,0.02,0.02
2011.12.15 23:22:42.355,0.29127,0.29182,0.02,0.02
2011.12.15 23:22:42.479,0.29124,0.2918,0.02,0.02
2011.12.15 23:22:43.842,0.29115,0.29169,0.02,0.02
2011.12.15 23:22:44.810,0.29109,0.29165,0.02,0.02
2011.12.15 23:22:47.714,0.29114,0.2917,0.02,0.02
2011.12.15 23:22:48.059,0.29124,0.2918,0.02,0.02
2011.12.15 23:22:50.708,0.29127,0.29182,0.02,0.02
2011.12.15 23:22:51.169,0.2913,0.29184,0.02,0.02
2011.12.15 23:22:51.234,0.29137,0.29192,0.02,0.02
2011.12.15 23:22:51.678,0.29139,0.29195,0.02,0.02
2011.12.15 23:22:52.655,0.29138,0.29191,0.02,0.02
2011.12.15 23:22:53.718,0.29134,0.2919,0.02,0.02
2011.12.15 23:22:53.849,0.29132,0.29187,0.02,0.02
2011.12.15 23:22:54.373,0.29129,0.29185,0.02,0.02
2011.12.15 23:22:54.498,0.29128,0.29181,0.02,0.02
2011.12.15 23:22:57.069,0.29118,0.29171,0.02,0.02
2011.12.15 23:22:57.511,0.29122,0.29177,0.02,0.02
2011.12.15 23:22:57.629,0.29128,0.29181,0.02,0.02
2011.12.15 23:23:00.019,0.29128,0.29181,0.02,0.02
2011.12.15 23:23:00.077,0.29144,0.29199,0.02,0.04
2011.12.15 23:23:00.519,0.29143,0.29196,0.02,0.02
2011.12.15 23:23:00.639,0.29144,0.29199,0.02,0.04
2011.12.15 23:23:01.657,0.29144,0.292,0.02,0.02
2011.12.15 23:23:02.170,0.29142,0.29197,0.02,0.02
2011.12.15 23:23:16.567,0.29145,0.29199,0.02,0.02
2011.12.15 23:23:34.013,0.29143,0.29196,0.02,0.02
2011.12.15 23:23:34.662,0.2914,0.29194,0.02,0.02
2011.12.15 23:23:51.179,0.29172,0.29212,0.02,0.05
2011.12.15 23:23:51.608,0.29177,0.29212,0.02,0.04
2011.12.15 23:23:51.948,0.29179,0.29235,0.02,0.02
2011.12.15 23:24:18.241,0.29174,0.2923,0.02,0.02
2011.12.15 23:24:40.078,0.29173,0.29226,0.02,0.02
2011.12.15 23:24:56.992,0.2916,0.29214,0.02,0.02
2011.12.15 23:24:57.107,0.29167,0.29222,0.02,0.02
2011.12.15 23:25:48.805,0.29169,0.29225,0.02,0.02
2011.12.15 23:25:48.869,0.29175,0.29229,0.02,0.02
2011.12.15 23:25:57.019,0.29179,0.29235,0.02,0.02
2011.12.15 23:26:06.266,0.29178,0.29231,0.02,0.02
2011.12.15 23:26:16.464,0.29173,0.29226,0.02,0.02
2011.12.15 23:26:31.679,0.29174,0.2923,0.02,0.02
2011.12.15 23:26:31.798,0.29172,0.29227,0.02,0.02
2011.12.15 23:26:37.958,0.2917,0.29224,0.02,0.02
2011.12.15 23:26:44.270,0.29173,0.29226,0.02,0.02
2011.12.15 23:26:54.713,0.29175,0.29229,0.02,0.02
2011.12.15 23:26:54.838,0.29178,0.29231,0.02,0.02
2011.12.15 23:26:55.583,0.29179,0.29235,0.02,0.02
2011.12.15 23:26:57.222,0.29177,0.29232,0.02,0.02
2011.12.15 23:26:57.721,0.2919,0.29244,0.02,0.02
2011.12.15 23:27:04.399,0.29182,0.29237,0.02,0.02
2011.12.15 23:27:10.508,0.29184,0.2924,0.02,0.02
2011.12.15 23:27:17.968,0.2919,0.29244,0.02,0.02
2011.12.15 23:27:24.098,0.292,0.29254,0.02,0.02
2011.12.15 23:27:25.788,0.29203,0.29256,0.02,0.02
2011.12.15 23:27:55.820,0.29192,0.29247,0.02,0.02
2011.12.15 23:27:55.938,0.29195,0.29249,0.02,0.02
2011.12.15 23:27:58.739,0.29199,0.29255,0.02,0.02
2011.12.15 23:27:58.859,0.29202,0.29257,0.02,0.02
2011.12.15 23:28:04.056,0.29205,0.29259,0.02,0.02
2011.12.15 23:28:06.282,0.29203,0.29256,0.02,0.02
2011.12.15 23:28:08.705,0.29205,0.29259,0.02,0.02
2011.12.15 23:28:14.313,0.29224,0.29276,0.02,0.04
2011.12.15 23:28:15.636,0.29224,0.2928,0.02,0.02
2011.12.15 23:28:42.470,0.29217,0.29272,0.02,0.02
2011.12.15 23:28:49.408,0.2921,0.29264,0.02,0.02
2011.12.15 23:28:51.300,0.29207,0.29262,0.02,0.02
2011.12.15 23:28:51.685,0.29203,0.29256,0.02,0.02
2011.12.15 23:28:51.905,0.29204,0.2926,0.02,0.02
2011.12.15 23:29:16.018,0.29218,0.29272,0.02,0.02
2011.12.15 23:29:16.366,0.29222,0.29276,0.02,0.04
2011.12.15 23:29:17.606,0.29222,0.29277,0.02,0.02
2011.12.15 23:29:31.314,0.2922,0.29274,0.02,0.02
2011.12.15 23:30:13.804,0.29215,0.29269,0.02,0.02
2011.12.15 23:30:13.968,0.29212,0.29267,0.02,0.02
2011.12.15 23:30:14.335,0.29214,0.2927,0.02,0.02
2011.12.15 23:30:14.459,0.29218,0.29272,0.02,0.02
2011.12.15 23:30:14.789,0.29222,0.29277,0.02,0.02
2011.12.15 23:30:14.908,0.29225,0.29279,0.02,0.02
2011.12.15 23:30:41.955,0.29222,0.29277,0.02,0.02
2011.12.15 23:30:46.160,0.29225,0.29279,0.02,0.02
2011.12.15 23:31:14.050,0.29228,0.29281,0.02,0.02
2011.12.15 23:31:22.981,0.29229,0.29285,0.02,0.02
2011.12.15 23:31:23.158,0.29234,0.2929,0.02,0.02
2011.12.15 23:31:53.181,0.29233,0.29286,0.02,0.02
2011.12.15 23:31:53.638,0.29228,0.29281,0.02,0.02
2011.12.15 23:31:54.919,0.29224,0.2928,0.02,0.02
2011.12.15 23:32:20.528,0.29222,0.29277,0.02,0.02
2011.12.15 23:32:30.800,0.29219,0.29275,0.02,0.02
2011.12.15 23:32:44.756,0.29222,0.29277,0.02,0.02
2011.12.15 23:32:58.173,0.29219,0.29275,0.02,0.02
2011.12.15 23:33:06.362,0.29218,0.29271,0.02,0.02
2011.12.15 23:33:06.881,0.29214,0.2927,0.02,0.02
2011.12.15 23:33:13.309,0.29218,0.29271,0.02,0.02
2011.12.15 23:33:16.999,0.29214,0.2927,0.02,0.02
2011.12.15 23:33:35.346,0.29212,0.29267,0.02,0.02
2011.12.15 23:33:38.692,0.2921,0.29264,0.02,0.02
2011.12.15 23:33:43.152,0.29213,0.29266,0.02,0.02
2011.12.15 23:34:19.429,0.29209,0.29265,0.02,0.02
2011.12.15 23:34:24.969,0.29205,0.29259,0.02,0.02
2011.12.15 23:34:30.800,0.29209,0.29265,0.02,0.02
2011.12.15 23:34:31.479,0.29208,0.29261,0.02,0.02
2011.12.15 23:34:40.508,0.29199,0.29255,0.02,0.02
2011.12.15 23:34:40.629,0.29193,0.29246,0.02,0.02
2011.12.15 23:34:40.990,0.29195,0.29249,0.02,0.02
2011.12.15 23:34:45.607,0.29193,0.29246,0.02,0.02
2011.12.15 23:34:45.729,0.29187,0.29242,0.02,0.02
2011.12.15 23:34:54.499,0.29184,0.2924,0.02,0.02
2011.12.15 23:34:58.362,0.29188,0.29241,0.02,0.02
2011.12.15 23:34:58.858,0.29194,0.2925,0.02,0.02
2011.12.15 23:34:59.383,0.29198,0.29251,0.02,0.02
2011.12.15 23:35:22.680,0.29195,0.29249,0.02,0.02
2011.12.15 23:35:36.320,0.29192,0.29247,0.02,0.02
2011.12.15 23:35:38.845,0.29194,0.2925,0.02,0.02
2011.12.15 23:35:59.360,0.29192,0.29247,0.02,0.02
2011.12.15 23:36:50.241,0.2919,0.29244,0.02,0.02
2011.12.15 23:36:50.301,0.29192,0.29247,0.02,0.02
2011.12.15 23:37:03.429,0.2919,0.29244,0.02,0.02
2011.12.15 23:37:13.290,0.29179,0.29235,0.02,0.02
2011.12.15 23:37:28.650,0.29177,0.29232,0.02,0.02
2011.12.15 23:37:47.112,0.2918,0.29234,0.02,0.02
2011.12.15 23:37:57.820,0.29189,0.29245,0.02,0.02
2011.12.15 23:37:57.940,0.29197,0.29251,0.02,0.04
2011.12.15 23:37:58.289,0.29208,0.29251,0.02,0.04
2011.12.15 23:37:59.054,0.29207,0.29251,0.02,0.04
2011.12.15 23:37:59.662,0.29207,0.29262,0.02,0.02
2011.12.15 23:38:01.431,0.29205,0.29259,0.02,0.02
2011.12.15 23:38:17.491,0.29203,0.29256,0.02,0.02
2011.12.15 23:38:21.046,0.29204,0.2926,0.02,0.02
2011.12.15 23:38:22.591,0.29208,0.29261,0.02,0.02
2011.12.15 23:38:23.400,0.29213,0.29266,0.02,0.02
2011.12.15 23:38:27.810,0.29209,0.29265,0.02,0.02
2011.12.15 23:38:33.531,0.29208,0.29261,0.02,0.02
2011.12.15 23:39:04.139,0.29217,0.29272,0.02,0.02
2011.12.15 23:39:04.260,0.29227,0.2928,0.02,0.04
2011.12.15 23:39:04.639,0.29232,0.2928,0.02,0.04
2011.12.15 23:39:05.743,0.29232,0.29287,0.02,0.02
2011.12.15 23:39:06.919,0.29224,0.2928,0.02,0.02
2011.12.15 23:39:09.099,0.29223,0.29276,0.02,0.02
2011.12.15 23:39:13.478,0.29224,0.2928,0.02,0.02
2011.12.15 23:39:20.210,0.29223,0.29276,0.02,0.02
2011.12.15 23:39:26.243,0.29207,0.29262,0.02,0.02
2011.12.15 23:39:26.309,0.2921,0.29264,0.02,0.02
2011.12.15 23:39:26.759,0.29208,0.29261,0.02,0.02
2011.12.15 23:39:49.093,0.29205,0.29259,0.02,0.02
2011.12.15 23:40:01.400,0.29202,0.29257,0.02,0.02
2011.12.15 23:40:07.990,0.29199,0.29255,0.02,0.02
2011.12.15 23:40:09.107,0.29213,0.29266,0.02,0.02
2011.12.15 23:40:09.229,0.29214,0.2927,0.02,0.02
2011.12.15 23:40:09.699,0.29218,0.29271,0.02,0.02
2011.12.15 23:40:15.349,0.29225,0.29279,0.02,0.02
2011.12.15 23:40:16.239,0.29223,0.29276,0.02,0.02
2011.12.15 23:40:17.775,0.29217,0.29272,0.02,0.02
2011.12.15 23:40:28.529,0.29214,0.2927,0.02,0.02
2011.12.15 23:41:09.047,0.29209,0.29265,0.02,0.02
2011.12.15 23:41:09.633,0.29197,0.29236,0.04,0.02
2011.12.15 23:41:09.815,0.29183,0.29236,0.02,0.02
2011.12.15 23:41:18.710,0.29198,0.29252,0.02,0.02
2011.12.15 23:41:18.829,0.292,0.29254,0.02,0.02
2011.12.15 23:41:31.938,0.29203,0.29256,0.02,0.02
2011.12.15 23:41:32.382,0.29183,0.29232,0.04,0.02
2011.12.15 23:41:33.724,0.29177,0.29232,0.02,0.02
2011.12.15 23:41:38.756,0.29175,0.29229,0.02,0.02
2011.12.15 23:41:46.419,0.29173,0.29226,0.02,0.02
2011.12.15 23:41:46.539,0.29169,0.29225,0.02,0.02
2011.12.15 23:41:51.522,0.29178,0.29231,0.02,0.02
2011.12.15 23:41:53.860,0.29179,0.29235,0.02,0.02
2011.12.15 23:41:54.410,0.29184,0.2924,0.02,0.02
2011.12.15 23:41:54.825,0.29179,0.29235,0.02,0.02
2011.12.15 23:42:14.806,0.29178,0.29231,0.02,0.02
2011.12.15 23:42:27.383,0.29179,0.29235,0.02,0.02
2011.12.15 23:42:28.023,0.29178,0.29231,0.02,0.02
2011.12.15 23:43:08.282,0.29179,0.29235,0.02,0.02
2011.12.15 23:43:15.543,0.29172,0.29227,0.02,0.02
2011.12.15 23:43:17.773,0.29174,0.2923,0.02,0.02
2011.12.15 23:43:18.190,0.29177,0.29232,0.02,0.02
2011.12.15 23:43:18.859,0.29175,0.29229,0.02,0.02
2011.12.15 23:43:23.359,0.29178,0.29231,0.02,0.02
2011.12.15 23:43:23.480,0.2918,0.29234,0.02,0.02
2011.12.15 23:43:26.650,0.29177,0.29232,0.02,0.02
2011.12.15 23:43:31.992,0.2918,0.29234,0.02,0.02
2011.12.15 23:43:40.015,0.29178,0.29231,0.02,0.02
2011.12.15 23:43:47.150,0.29188,0.29241,0.02,0.02
2011.12.15 23:43:47.211,0.2919,0.29244,0.02,0.02
2011.12.15 23:44:47.515,0.29173,0.29261,0.05,0.04
2011.12.15 23:44:49.866,0.29167,0.29272,0.02,0.03
2011.12.15 23:44:52.473,0.29165,0.29273,0.03,0.02
2011.12.15 23:44:52.698,0.29166,0.2927,0.03,0.03
2011.12.15 23:45:05.316,0.29167,0.29271,0.03,0.02
2011.12.15 23:45:08.475,0.29168,0.29273,0.03,0.03
2011.12.15 23:45:28.937,0.29195,0.29249,0.02,0.02
2011.12.15 23:45:29.059,0.29204,0.2926,0.02,0.02
2011.12.15 23:45:29.380,0.29207,0.29262,0.02,0.02
2011.12.15 23:45:29.601,0.29204,0.2926,0.02,0.02
2011.12.15 23:45:32.107,0.29199,0.29255,0.02,0.02
2011.12.15 23:45:41.587,0.29203,0.29256,0.02,0.02
2011.12.15 23:46:22.610,0.29199,0.29255,0.02,0.02
2011.12.15 23:46:22.730,0.29198,0.29251,0.02,0.02
2011.12.15 23:46:32.112,0.29194,0.2925,0.02,0.02
2011.12.15 23:46:38.260,0.2919,0.29244,0.02,0.02
2011.12.15 23:46:38.321,0.29187,0.29242,0.02,0.02
2011.12.15 23:46:38.861,0.2919,0.29244,0.02,0.02
2011.12.15 23:46:38.970,0.29192,0.29247,0.02,0.02
2011.12.15 23:46:39.090,0.29194,0.2925,0.02,0.02
2011.12.15 23:47:02.880,0.29192,0.29247,0.02,0.02
2011.12.15 23:47:11.692,0.29213,0.29264,0.02,0.05
2011.12.15 23:47:12.669,0.29217,0.29272,0.02,0.02
2011.12.15 23:47:13.071,0.29213,0.29266,0.02,0.02
2011.12.15 23:47:13.552,0.29215,0.29269,0.02,0.02
2011.12.15 23:47:15.210,0.29217,0.29272,0.02,0.02
2011.12.15 23:47:18.622,0.29223,0.29276,0.02,0.02
2011.12.15 23:47:19.711,0.29225,0.29279,0.02,0.02
2011.12.15 23:47:21.871,0.29222,0.29277,0.02,0.02
2011.12.15 23:47:59.871,0.29218,0.29271,0.02,0.02
2011.12.15 23:47:59.991,0.29215,0.29269,0.02,0.02
2011.12.15 23:48:07.090,0.29212,0.29267,0.02,0.02
2011.12.15 23:48:13.247,0.29214,0.2927,0.02,0.02
2011.12.15 23:49:15.070,0.29184,0.29291,0.02,0.02
2011.12.15 23:49:22.540,0.29217,0.29272,0.02,0.02
2011.12.15 23:49:23.070,0.29225,0.29279,0.02,0.02
2011.12.15 23:49:24.050,0.29223,0.29276,0.02,0.02
2011.12.15 23:49:42.592,0.29219,0.29275,0.02,0.02
2011.12.15 23:49:49.533,0.29214,0.2927,0.02,0.02
2011.12.15 23:50:26.372,0.29213,0.29266,0.02,0.02
2011.12.15 23:50:27.533,0.29214,0.2927,0.02,0.02
2011.12.15 23:50:42.591,0.29218,0.29271,0.02,0.02
2011.12.15 23:50:44.861,0.29228,0.29281,0.02,0.02
2011.12.15 23:50:52.648,0.29224,0.2928,0.02,0.02
2011.12.15 23:51:20.030,0.29238,0.29291,0.02,0.02
2011.12.15 23:51:21.765,0.2924,0.29294,0.02,0.02
2011.12.15 23:51:22.503,0.29239,0.29295,0.02,0.02
2011.12.15 23:51:42.987,0.29242,0.29297,0.02,0.02
2011.12.15 23:51:44.916,0.29247,0.29302,0.02,0.02
2011.12.15 23:51:47.771,0.29242,0.29297,0.02,0.02
2011.12.15 23:51:48.780,0.29245,0.29299,0.02,0.02
2011.12.15 23:52:10.472,0.29253,0.29306,0.02,0.02
2011.12.15 23:52:10.531,0.29249,0.29305,0.02,0.02
2011.12.15 23:52:41.061,0.29253,0.29306,0.02,0.02
2011.12.15 23:52:46.732,0.29249,0.29305,0.02,0.02
2011.12.15 23:52:47.782,0.29247,0.29302,0.02,0.02
2011.12.15 23:52:54.221,0.29231,0.29279,0.04,0.02
2011.12.15 23:52:54.872,0.29225,0.29279,0.02,0.02
2011.12.15 23:53:05.839,0.29219,0.29275,0.02,0.02
2011.12.15 23:53:05.904,0.29223,0.29276,0.02,0.02
2011.12.15 23:53:32.533,0.29219,0.29275,0.02,0.02
2011.12.15 23:54:04.821,0.29222,0.29277,0.02,0.02
2011.12.15 23:54:08.212,0.29245,0.29295,0.02,0.05
2011.12.15 23:54:08.271,0.29245,0.29295,0.02,0.04
2011.12.15 23:54:09.183,0.29245,0.29299,0.02,0.02
2011.12.15 23:54:14.492,0.29242,0.29297,0.02,0.02
2011.12.15 23:54:14.864,0.29245,0.29299,0.02,0.02
2011.12.15 23:54:15.996,0.29248,0.29301,0.02,0.02
2011.12.15 23:54:16.703,0.29255,0.29309,0.02,0.02
2011.12.15 23:54:16.822,0.29247,0.29302,0.02,0.02
2011.12.15 23:54:20.293,0.29238,0.29291,0.02,0.02
2011.12.15 23:54:31.291,0.29235,0.29289,0.02,0.02
2011.12.15 23:54:38.912,0.29229,0.29285,0.02,0.02
2011.12.15 23:54:40.513,0.29232,0.29287,0.02,0.02
2011.12.15 23:54:49.730,0.29229,0.29285,0.02,0.02
2011.12.15 23:55:03.475,0.29238,0.29291,0.02,0.02
2011.12.15 23:55:06.587,0.29239,0.29295,0.02,0.02
2011.12.15 23:55:12.199,0.29237,0.29292,0.02,0.02
2011.12.15 23:55:12.261,0.29239,0.29295,0.02,0.02
2011.12.15 23:55:15.583,0.29245,0.29299,0.02,0.02
2011.12.15 23:55:16.118,0.2924,0.29294,0.02,0.02
2011.12.15 23:55:18.751,0.29232,0.29287,0.02,0.02
2011.12.15 23:55:47.844,0.29238,0.29291,0.02,0.02
2011.12.15 23:56:08.072,0.29235,0.29289,0.02,0.02
2011.12.15 23:56:22.188,0.29233,0.29286,0.02,0.02
2011.12.15 23:56:25.542,0.2923,0.29284,0.02,0.02
2011.12.15 23:56:31.457,0.29227,0.29282,0.02,0.02
2011.12.15 23:56:33.744,0.29224,0.2928,0.02,0.02
2011.12.15 23:56:43.972,0.2923,0.29284,0.02,0.02
2011.12.15 23:56:45.443,0.29227,0.29282,0.02,0.02
2011.12.15 23:56:47.490,0.29234,0.2929,0.02,0.02
2011.12.15 23:56:47.671,0.29233,0.29286,0.02,0.02
2011.12.15 23:56:48.366,0.2923,0.29284,0.02,0.02
2011.12.15 23:56:49.026,0.29245,0.29299,0.02,0.02
2011.12.15 23:56:51.893,0.29248,0.29301,0.02,0.02
2011.12.15 23:56:59.975,0.29249,0.29305,0.02,0.02
2011.12.15 23:57:01.292,0.29255,0.29309,0.02,0.02
2011.12.15 23:57:01.748,0.2926,0.29314,0.02,0.02
2011.12.15 23:57:40.699,0.29262,0.29317,0.02,0.02
2011.12.15 23:57:55.534,0.29265,0.29319,0.02,0.02
2011.12.15 23:57:55.881,0.2927,0.29324,0.02,0.02
2011.12.15 23:57:55.943,0.29274,0.2933,0.02,0.02
2011.12.15 23:58:26.271,0.29272,0.29327,0.02,0.02
2011.12.15 23:58:26.702,0.29265,0.29319,0.02,0.02
2011.12.15 23:58:26.822,0.29267,0.29322,0.02,0.02
2011.12.15 23:58:33.910,0.29262,0.29317,0.02,0.02
2011.12.15 23:58:34.955,0.29258,0.29311,0.02,0.02
2011.12.15 23:58:37.772,0.2924,0.2933,0.05,0.04
2011.12.15 23:58:37.891,0.29251,0.2933,0.02,0.04
2011.12.15 23:58:38.313,0.29332,0.29362,0.02,0.08
2011.12.15 23:58:38.718,0.29362,0.29443,0.02,0.02
2011.12.15 23:58:39.175,0.2937,0.29424,0.02,0.02
2011.12.15 23:58:39.739,0.2937,0.29424,0.02,0.02
2011.12.15 23:58:40.573,0.29372,0.29427,0.02,0.02
2011.12.15 23:58:41.554,0.29369,0.29425,0.02,0.02
2011.12.15 23:58:46.531,0.29364,0.2942,0.02,0.02
2011.12.15 23:58:46.881,0.29355,0.29409,0.02,0.02
2011.12.15 23:58:47.782,0.2935,0.29404,0.02,0.02
2011.12.15 23:58:48.302,0.29347,0.29402,0.02,0.02
2011.12.15 23:58:49.537,0.2934,0.29394,0.02,0.02
2011.12.15 23:58:57.089,0.29337,0.29392,0.02,0.02
2011.12.15 23:59:21.592,0.2934,0.29394,0.02,0.02
2011.12.15 23:59:22.027,0.29343,0.29396,0.02,0.02
2011.12.15 23:59:57.234,0.29339,0.29395,0.02,0.02
2011.12.15 23:59:57.352,0.29337,0.29392,0.02,0.02
2011.12.15 23:59:57.673,0.29335,0.29389,0.02,0.02
2011.12.15 23:59:57.801,0.29325,0.29392,0.04,0.02
2011.12.15 23:59:59.497,0.29313,0.29392,0.02,0.02
