2014.12.04 02:00:06.096,0.16411,0.16444,0.02,0.02
2014.12.04 02:00:11.024,0.16411,0.16443,0.02,0.02
2014.12.04 02:00:12.107,0.16411,0.16444,0.02,0.02
2014.12.04 02:00:13.510,0.16411,0.16443,0.02,0.02
2014.12.04 02:00:14.274,0.16411,0.16444,0.02,0.02
2014.12.04 02:00:15.512,0.16411,0.16442,0.02,0.02
2014.12.04 02:00:16.213,0.16408,0.1644,0.04,0.02
2014.12.04 02:00:26.930,0.16411,0.16441,0.02,0.02
2014.12.04 02:00:27.631,0.16411,0.16444,0.02,0.02
2014.12.04 02:00:28.132,0.16411,0.16443,0.04,0.02
2014.12.04 02:00:31.233,0.16409,0.16443,0.04,0.02
2014.12.04 02:00:31.383,0.16409,0.1644,0.02,0.02
2014.12.04 02:00:31.999,0.16409,0.16441,0.02,0.02
2014.12.04 02:00:33.147,0.16409,0.1644,0.02,0.02
2014.12.04 02:00:33.744,0.16409,0.16439,0.02,0.02
2014.12.04 02:00:34.353,0.16404,0.16438,0.04,0.02
2014.12.04 02:00:34.717,0.16404,0.16436,0.04,0.02
2014.12.04 02:00:35.283,0.16406,0.16436,0.02,0.02
2014.12.04 02:00:36.148,0.16406,0.16437,0.02,0.02
2014.12.04 02:00:36.649,0.16406,0.16436,0.02,0.02
2014.12.04 02:00:37.151,0.16406,0.16437,0.02,0.02
2014.12.04 02:00:37.652,0.16406,0.16436,0.02,0.02
2014.12.04 02:00:41.095,0.16403,0.16435,0.04,0.02
2014.12.04 02:00:41.297,0.16407,0.16441,0.02,0.02
2014.12.04 02:00:41.963,0.16408,0.1644,0.02,0.02
2014.12.04 02:00:42.670,0.16407,0.16441,0.02,0.02
2014.12.04 02:00:43.287,0.16408,0.1644,0.02,0.02
2014.12.04 02:00:44.302,0.16409,0.1644,0.02,0.02
2014.12.04 02:00:44.805,0.16409,0.16441,0.02,0.02
2014.12.04 02:00:45.312,0.16409,0.1644,0.02,0.02
2014.12.04 02:00:45.572,0.16404,0.16436,0.04,0.02
2014.12.04 02:00:45.772,0.16404,0.16438,0.04,0.02
2014.12.04 02:00:50.363,0.16405,0.16438,0.02,0.02
2014.12.04 02:00:50.514,0.16405,0.16436,0.02,0.02
2014.12.04 02:00:57.996,0.16405,0.16437,0.04,0.02
2014.12.04 02:00:58.097,0.16405,0.16439,0.04,0.02
2014.12.04 02:00:58.728,0.16405,0.16438,0.02,0.02
2014.12.04 02:00:59.482,0.16409,0.16441,0.02,0.02
2014.12.04 02:00:59.633,0.16409,0.1644,0.02,0.02
2014.12.04 02:01:00.928,0.16409,0.16441,0.02,0.02
2014.12.04 02:01:02.256,0.16409,0.1644,0.02,0.02
2014.12.04 02:01:03.570,0.1641,0.1644,0.02,0.02
2014.12.04 02:01:18.599,0.1641,0.16441,0.02,0.02
2014.12.04 02:01:19.676,0.16411,0.16443,0.02,0.02
2014.12.04 02:01:44.543,0.16412,0.16443,0.02,0.02
2014.12.04 02:01:44.644,0.16412,0.16445,0.02,0.02
2014.12.04 02:01:45.221,0.16412,0.16446,0.04,0.02
2014.12.04 02:01:48.393,0.16413,0.16445,0.02,0.02
2014.12.04 02:01:48.946,0.16412,0.16446,0.04,0.02
2014.12.04 02:01:49.503,0.16413,0.16445,0.02,0.02
2014.12.04 02:01:59.573,0.16412,0.16446,0.04,0.02
2014.12.04 02:02:05.961,0.16413,0.16445,0.02,0.02
2014.12.04 02:02:06.011,0.16415,0.16445,0.02,0.02
2014.12.04 02:02:06.062,0.16415,0.16448,0.02,0.02
2014.12.04 02:02:06.646,0.16415,0.16446,0.02,0.02
2014.12.04 02:02:51.527,0.16415,0.16447,0.02,0.02
2014.12.04 02:02:51.889,0.16418,0.1645,0.02,0.02
2014.12.04 02:02:52.658,0.16413,0.16446,0.02,0.02
2014.12.04 02:02:53.173,0.16415,0.16447,0.02,0.02
2014.12.04 02:02:53.640,0.16413,0.16445,0.04,0.02
2014.12.04 02:02:54.933,0.16413,0.16446,0.02,0.02
2014.12.04 02:02:55.453,0.16413,0.16445,0.04,0.02
2014.12.04 02:02:55.790,0.16415,0.16445,0.02,0.02
2014.12.04 02:03:09.807,0.16413,0.16445,0.04,0.02
2014.12.04 02:03:52.614,0.16416,0.16448,0.02,0.02
2014.12.04 02:03:52.665,0.16416,0.16448,0.02,0.02
2014.12.04 02:03:52.769,0.16416,0.16446,0.02,0.02
2014.12.04 02:03:58.057,0.16413,0.16445,0.04,0.02
2014.12.04 02:03:58.929,0.16414,0.16445,0.02,0.02
2014.12.04 02:03:59.100,0.16415,0.16447,0.02,0.02
2014.12.04 02:04:00.604,0.16414,0.16446,0.04,0.02
2014.12.04 02:04:01.062,0.16414,0.16448,0.04,0.02
2014.12.04 02:04:01.510,0.16414,0.16446,0.04,0.02
2014.12.04 02:04:02.085,0.16414,0.16445,0.02,0.02
2014.12.04 02:04:02.999,0.16416,0.16448,0.02,0.02
2014.12.04 02:04:05.074,0.16416,0.16448,0.04,0.02
2014.12.04 02:04:07.097,0.16419,0.1645,0.02,0.02
2014.12.04 02:04:10.583,0.16415,0.16447,0.02,0.02
2014.12.04 02:04:15.795,0.16414,0.16448,0.04,0.02
2014.12.04 02:04:38.217,0.16418,0.16448,0.02,0.02
2014.12.04 02:04:38.318,0.16418,0.1645,0.04,0.02
2014.12.04 02:04:38.419,0.16422,0.16456,0.02,0.02
2014.12.04 02:04:38.580,0.16421,0.16452,0.02,0.02
2014.12.04 02:04:38.881,0.16421,0.16454,0.02,0.02
2014.12.04 02:04:40.684,0.16421,0.16453,0.02,0.02
2014.12.04 02:04:42.278,0.16423,0.16453,0.02,0.02
2014.12.04 02:04:43.122,0.16423,0.16454,0.02,0.02
2014.12.04 02:04:44.746,0.16423,0.16456,0.02,0.02
2014.12.04 02:04:46.066,0.16423,0.16455,0.04,0.02
2014.12.04 02:04:47.452,0.16425,0.16455,0.02,0.02
2014.12.04 02:04:47.553,0.16425,0.16457,0.02,0.02
2014.12.04 02:04:47.754,0.16427,0.16461,0.02,0.02
2014.12.04 02:04:47.826,0.16425,0.16457,0.04,0.02
2014.12.04 02:04:48.429,0.16425,0.16459,0.04,0.02
2014.12.04 02:04:49.247,0.16425,0.16457,0.04,0.02
2014.12.04 02:04:49.646,0.16425,0.16455,0.02,0.02
2014.12.04 02:04:51.519,0.16423,0.16455,0.02,0.02
2014.12.04 02:04:52.141,0.16422,0.16452,0.02,0.02
2014.12.04 02:04:52.687,0.16422,0.16453,0.02,0.02
2014.12.04 02:04:53.046,0.16419,0.1645,0.02,0.02
2014.12.04 02:04:53.498,0.16419,0.1645,0.02,0.02
2014.12.04 02:04:54.450,0.16419,0.16451,0.02,0.02
2014.12.04 02:04:55.752,0.16419,0.1645,0.02,0.02
2014.12.04 02:04:58.160,0.16419,0.16451,0.02,0.02
2014.12.04 02:05:02.772,0.16421,0.16451,0.02,0.02
2014.12.04 02:05:02.873,0.16421,0.16453,0.04,0.02
2014.12.04 02:05:02.974,0.16418,0.1645,0.04,0.02
2014.12.04 02:05:11.758,0.16418,0.1645,0.04,0.02
2014.12.04 02:05:15.504,0.16418,0.16449,0.02,0.02
2014.12.04 02:05:15.806,0.16413,0.16445,0.04,0.02
2014.12.04 02:05:15.856,0.16415,0.16445,0.02,0.02
2014.12.04 02:05:23.748,0.16413,0.16445,0.02,0.02
2014.12.04 02:05:24.521,0.16413,0.16447,0.02,0.02
2014.12.04 02:05:24.728,0.16415,0.16447,0.02,0.02
2014.12.04 02:05:25.423,0.16414,0.16446,0.02,0.02
2014.12.04 02:05:29.530,0.16415,0.16447,0.02,0.02
2014.12.04 02:05:30.131,0.16414,0.16446,0.02,0.02
2014.12.04 02:05:34.238,0.16415,0.16449,0.02,0.02
2014.12.04 02:05:34.918,0.16416,0.16448,0.02,0.02
2014.12.04 02:05:35.843,0.16414,0.16448,0.02,0.02
2014.12.04 02:05:51.267,0.16415,0.16447,0.02,0.02
2014.12.04 02:06:09.093,0.16414,0.16446,0.02,0.02
2014.12.04 02:06:09.719,0.16415,0.16447,0.02,0.02
2014.12.04 02:06:10.497,0.16414,0.16446,0.02,0.02
2014.12.04 02:06:11.999,0.16415,0.16447,0.02,0.02
2014.12.04 02:06:12.318,0.16412,0.16446,0.02,0.02
2014.12.04 02:06:12.731,0.16412,0.16444,0.02,0.02
2014.12.04 02:06:12.942,0.16409,0.16443,0.02,0.02
2014.12.04 02:06:13.101,0.16411,0.16443,0.02,0.02
2014.12.04 02:06:13.438,0.16409,0.16441,0.02,0.02
2014.12.04 02:06:14.048,0.16408,0.1644,0.02,0.02
2014.12.04 02:06:14.550,0.16407,0.16441,0.02,0.02
2014.12.04 02:06:15.128,0.16408,0.1644,0.02,0.02
2014.12.04 02:06:15.809,0.16407,0.16441,0.02,0.02
2014.12.04 02:06:19.936,0.16408,0.1644,0.02,0.02
2014.12.04 02:06:20.487,0.16407,0.16441,0.02,0.02
2014.12.04 02:06:23.133,0.16408,0.16442,0.02,0.02
2014.12.04 02:06:23.790,0.16409,0.16443,0.02,0.02
2014.12.04 02:06:25.022,0.16409,0.16441,0.02,0.02
2014.12.04 02:06:25.824,0.16409,0.16443,0.02,0.02
2014.12.04 02:06:26.225,0.16412,0.16444,0.02,0.02
2014.12.04 02:06:26.529,0.1641,0.16442,0.02,0.02
2014.12.04 02:06:27.427,0.16412,0.16446,0.02,0.02
2014.12.04 02:06:27.528,0.1641,0.16444,0.02,0.02
2014.12.04 02:06:32.934,0.16409,0.16443,0.02,0.02
2014.12.04 02:06:43.857,0.16411,0.16443,0.02,0.02
2014.12.04 02:06:45.156,0.16409,0.16443,0.02,0.02
2014.12.04 02:06:57.887,0.16408,0.16442,0.02,0.02
2014.12.04 02:06:58.394,0.16407,0.16441,0.02,0.02
2014.12.04 02:06:58.506,0.16407,0.16439,0.02,0.02
2014.12.04 02:06:58.864,0.16404,0.16436,0.02,0.02
2014.12.04 02:06:59.525,0.16405,0.16437,0.02,0.02
2014.12.04 02:06:59.947,0.16408,0.1644,0.02,0.02
2014.12.04 02:07:05.027,0.16405,0.16437,0.02,0.02
2014.12.04 02:07:05.093,0.16403,0.16437,0.02,0.02
2014.12.04 02:07:08.000,0.16405,0.16437,0.02,0.02
2014.12.04 02:07:10.011,0.16404,0.16436,0.02,0.02
2014.12.04 02:07:11.847,0.16406,0.16438,0.02,0.02
2014.12.04 02:07:12.126,0.16403,0.16436,0.01,0.02
2014.12.04 02:07:12.230,0.16405,0.16437,0.02,0.02
2014.12.04 02:07:12.751,0.16404,0.16436,0.02,0.02
2014.12.04 02:07:19.175,0.16404,0.16438,0.02,0.02
2014.12.04 02:07:19.444,0.16406,0.16438,0.02,0.02
2014.12.04 02:07:20.057,0.16405,0.16439,0.02,0.02
2014.12.04 02:07:20.672,0.16404,0.16438,0.02,0.02
2014.12.04 02:07:21.553,0.16403,0.16437,0.03,0.02
2014.12.04 02:07:22.703,0.16404,0.16438,0.02,0.02
2014.12.04 02:07:31.996,0.16405,0.16439,0.02,0.02
2014.12.04 02:07:32.513,0.16405,0.16437,0.02,0.02
2014.12.04 02:07:33.215,0.16404,0.16438,0.02,0.02
2014.12.04 02:07:37.393,0.16405,0.16439,0.02,0.02
2014.12.04 02:07:38.535,0.16406,0.16438,0.02,0.02
2014.12.04 02:07:38.637,0.16404,0.16438,0.02,0.02
2014.12.04 02:07:39.496,0.16403,0.16437,0.03,0.02
2014.12.04 02:07:39.997,0.16405,0.16437,0.02,0.02
2014.12.04 02:07:42.930,0.16406,0.16438,0.02,0.02
2014.12.04 02:07:43.032,0.16408,0.16441,0.02,0.02
2014.12.04 02:07:44.405,0.16408,0.1644,0.02,0.02
2014.12.04 02:07:46.009,0.16407,0.16439,0.02,0.02
2014.12.04 02:07:46.232,0.16404,0.16436,0.02,0.02
2014.12.04 02:07:47.011,0.16404,0.16438,0.02,0.02
2014.12.04 02:07:47.516,0.16405,0.16439,0.02,0.02
2014.12.04 02:07:50.052,0.16405,0.16437,0.02,0.02
2014.12.04 02:07:51.842,0.16408,0.1644,0.02,0.02
2014.12.04 02:07:52.023,0.16406,0.1644,0.02,0.02
2014.12.04 02:07:52.124,0.16402,0.16436,0.03,0.02
2014.12.04 02:07:53.425,0.16403,0.16435,0.02,0.02
2014.12.04 02:07:53.771,0.16406,0.16438,0.02,0.02
2014.12.04 02:08:00.939,0.16404,0.16438,0.02,0.02
2014.12.04 02:08:01.140,0.16403,0.16435,0.02,0.02
2014.12.04 02:08:01.693,0.16402,0.16436,0.02,0.02
2014.12.04 02:08:03.545,0.16403,0.16435,0.02,0.02
2014.12.04 02:08:04.053,0.16402,0.16436,0.02,0.02
2014.12.04 02:08:15.104,0.16409,0.16439,0.02,0.02
2014.12.04 02:08:15.205,0.16409,0.1644,0.02,0.02
2014.12.04 02:08:15.306,0.16404,0.16438,0.04,0.02
2014.12.04 02:08:20.467,0.16405,0.16437,0.02,0.02
2014.12.04 02:08:21.495,0.16406,0.16436,0.02,0.02
2014.12.04 02:08:26.755,0.16402,0.16436,0.02,0.02
2014.12.04 02:08:31.291,0.16403,0.16435,0.02,0.02
2014.12.04 02:08:31.982,0.16402,0.16434,0.02,0.02
2014.12.04 02:08:32.084,0.16398,0.16432,0.02,0.02
2014.12.04 02:08:32.513,0.164,0.16432,0.02,0.02
2014.12.04 02:08:33.183,0.16398,0.16432,0.03,0.02
2014.12.04 02:08:36.425,0.164,0.16432,0.02,0.02
2014.12.04 02:08:40.894,0.16401,0.16433,0.02,0.02
2014.12.04 02:08:41.328,0.16403,0.16435,0.02,0.02
2014.12.04 02:08:48.404,0.16402,0.16436,0.02,0.02
2014.12.04 02:08:49.506,0.16403,0.16435,0.02,0.02
2014.12.04 02:08:50.007,0.16402,0.16436,0.02,0.02
2014.12.04 02:08:50.674,0.16403,0.16436,0.02,0.02
2014.12.04 02:08:54.254,0.16405,0.16436,0.02,0.02
2014.12.04 02:08:55.015,0.16405,0.16435,0.02,0.02
2014.12.04 02:09:11.635,0.16405,0.16439,0.04,0.02
2014.12.04 02:09:11.735,0.16405,0.16437,0.04,0.02
2014.12.04 02:09:24.480,0.16405,0.16439,0.04,0.02
2014.12.04 02:09:35.313,0.16409,0.16439,0.02,0.02
2014.12.04 02:09:35.661,0.16405,0.16437,0.02,0.02
2014.12.04 02:09:35.711,0.16409,0.16439,0.02,0.02
2014.12.04 02:09:36.315,0.16409,0.1644,0.02,0.02
2014.12.04 02:09:39.385,0.16411,0.16442,0.02,0.02
2014.12.04 02:09:40.892,0.16411,0.16441,0.02,0.02
2014.12.04 02:09:42.073,0.16408,0.1644,0.04,0.02
2014.12.04 02:09:43.344,0.16409,0.1644,0.02,0.02
2014.12.04 02:09:43.976,0.16411,0.16443,0.02,0.02
2014.12.04 02:09:44.076,0.16409,0.1644,0.02,0.02
2014.12.04 02:09:47.414,0.1641,0.1644,0.02,0.02
2014.12.04 02:09:55.665,0.16408,0.1644,0.04,0.02
2014.12.04 02:09:56.993,0.16408,0.16439,0.02,0.02
2014.12.04 02:09:57.494,0.16408,0.16441,0.02,0.02
2014.12.04 02:09:59.536,0.16408,0.1644,0.04,0.02
2014.12.04 02:10:00.095,0.16411,0.16442,0.02,0.02
2014.12.04 02:10:00.690,0.16411,0.16441,0.02,0.02
2014.12.04 02:10:01.465,0.16408,0.1644,0.04,0.02
2014.12.04 02:10:03.407,0.16407,0.16437,0.02,0.02
2014.12.04 02:10:03.637,0.16408,0.16439,0.02,0.02
2014.12.04 02:10:03.708,0.16411,0.16441,0.02,0.02
2014.12.04 02:10:04.156,0.16409,0.16441,0.02,0.02
2014.12.04 02:10:14.428,0.16405,0.16437,0.02,0.02
2014.12.04 02:10:20.440,0.16406,0.16438,0.02,0.02
2014.12.04 02:10:21.543,0.16405,0.16437,0.02,0.02
2014.12.04 02:10:27.451,0.16406,0.16438,0.02,0.02
2014.12.04 02:10:28.052,0.16405,0.16437,0.02,0.02
2014.12.04 02:10:38.977,0.16409,0.16439,0.02,0.02
2014.12.04 02:10:57.043,0.16405,0.16437,0.02,0.02
2014.12.04 02:10:58.606,0.16406,0.16438,0.02,0.02
2014.12.04 02:10:59.353,0.16409,0.16441,0.02,0.02
2014.12.04 02:11:01.333,0.16409,0.1644,0.02,0.02
2014.12.04 02:11:04.254,0.16408,0.1644,0.02,0.02
2014.12.04 02:11:19.277,0.16408,0.16442,0.02,0.02
2014.12.04 02:11:19.478,0.1641,0.16442,0.02,0.02
2014.12.04 02:11:19.806,0.16413,0.16445,0.02,0.02
2014.12.04 02:11:25.795,0.1641,0.16442,0.02,0.02
2014.12.04 02:11:26.405,0.1641,0.16441,0.02,0.02
2014.12.04 02:11:32.503,0.16413,0.16444,0.02,0.02
2014.12.04 02:11:33.008,0.1641,0.16442,0.04,0.02
2014.12.04 02:11:36.533,0.1641,0.16442,0.04,0.02
2014.12.04 02:11:44.333,0.16409,0.16441,0.02,0.02
2014.12.04 02:11:44.434,0.16405,0.16437,0.02,0.02
2014.12.04 02:11:44.534,0.16408,0.16439,0.02,0.02
2014.12.04 02:11:44.635,0.16405,0.16437,0.02,0.02
2014.12.04 02:11:45.228,0.16408,0.16438,0.02,0.02
2014.12.04 02:11:45.888,0.16405,0.16437,0.02,0.02
2014.12.04 02:11:48.302,0.16406,0.16437,0.02,0.02
2014.12.04 02:11:52.510,0.16409,0.1644,0.02,0.02
2014.12.04 02:11:52.560,0.16409,0.16441,0.02,0.02
2014.12.04 02:11:52.931,0.16409,0.16439,0.02,0.02
2014.12.04 02:11:53.481,0.16404,0.16438,0.04,0.02
2014.12.04 02:11:54.572,0.16404,0.16436,0.04,0.02
2014.12.04 02:11:55.131,0.16404,0.16435,0.02,0.02
2014.12.04 02:11:56.552,0.16405,0.16435,0.02,0.02
2014.12.04 02:11:58.862,0.16405,0.16436,0.02,0.02
2014.12.04 02:11:59.037,0.16408,0.1644,0.02,0.02
2014.12.04 02:12:00.622,0.16409,0.1644,0.02,0.02
2014.12.04 02:12:10.049,0.16409,0.16439,0.02,0.02
2014.12.04 02:12:11.150,0.16409,0.1644,0.02,0.02
2014.12.04 02:12:11.201,0.16411,0.16443,0.02,0.02
2014.12.04 02:12:12.063,0.16411,0.16441,0.02,0.02
2014.12.04 02:12:12.630,0.16408,0.1644,0.04,0.02
2014.12.04 02:12:15.252,0.16409,0.1644,0.02,0.02
2014.12.04 02:12:16.494,0.16409,0.16441,0.02,0.02
2014.12.04 02:12:20.131,0.16407,0.16441,0.02,0.02
2014.12.04 02:12:20.181,0.16407,0.16439,0.02,0.02
2014.12.04 02:12:20.711,0.16408,0.1644,0.02,0.02
2014.12.04 02:12:24.161,0.16409,0.1644,0.02,0.02
2014.12.04 02:12:26.191,0.16409,0.16441,0.02,0.02
2014.12.04 02:12:27.504,0.16409,0.1644,0.02,0.02
2014.12.04 02:13:01.012,0.16409,0.16441,0.02,0.02
2014.12.04 02:13:09.071,0.1641,0.16441,0.02,0.02
2014.12.04 02:13:09.633,0.1641,0.1644,0.02,0.02
2014.12.04 02:13:10.024,0.1641,0.16442,0.02,0.02
2014.12.04 02:13:10.542,0.1641,0.16444,0.04,0.02
2014.12.04 02:13:13.047,0.1641,0.16442,0.02,0.02
2014.12.04 02:13:14.431,0.1641,0.1644,0.02,0.02
2014.12.04 02:13:18.041,0.16408,0.1644,0.04,0.02
2014.12.04 02:13:22.882,0.16411,0.16443,0.02,0.02
2014.12.04 02:13:30.073,0.16411,0.16441,0.02,0.02
2014.12.04 02:13:30.436,0.1641,0.16442,0.02,0.02
2014.12.04 02:13:30.561,0.16413,0.16444,0.02,0.02
2014.12.04 02:13:50.993,0.16413,0.16443,0.02,0.02
2014.12.04 02:13:52.095,0.16413,0.16446,0.04,0.02
2014.12.04 02:13:52.766,0.16413,0.16445,0.04,0.02
2014.12.04 02:13:59.538,0.16415,0.16446,0.02,0.02
2014.12.04 02:13:59.638,0.16415,0.16448,0.02,0.02
2014.12.04 02:13:59.741,0.16417,0.16451,0.02,0.02
2014.12.04 02:14:00.006,0.16415,0.16447,0.02,0.02
2014.12.04 02:14:00.738,0.16415,0.16446,0.02,0.02
2014.12.04 02:14:08.234,0.16415,0.16445,0.02,0.02
2014.12.04 02:14:09.850,0.16415,0.16446,0.02,0.02
2014.12.04 02:14:15.230,0.16415,0.16445,0.02,0.02
2014.12.04 02:14:15.468,0.16415,0.16449,0.04,0.02
2014.12.04 02:14:15.644,0.16415,0.16446,0.02,0.02
2014.12.04 02:14:17.500,0.16412,0.16446,0.04,0.02
2014.12.04 02:14:21.429,0.16415,0.16446,0.02,0.02
2014.12.04 02:14:28.520,0.16418,0.16449,0.02,0.02
2014.12.04 02:14:28.671,0.16418,0.16449,0.02,0.02
2014.12.04 02:14:29.459,0.16418,0.16448,0.02,0.02
2014.12.04 02:14:30.119,0.16418,0.16449,0.02,0.02
2014.12.04 02:14:31.557,0.16418,0.16448,0.02,0.02
2014.12.04 02:14:37.625,0.16418,0.16449,0.02,0.02
2014.12.04 02:14:38.371,0.16418,0.16448,0.02,0.02
2014.12.04 02:14:40.271,0.16418,0.16451,0.02,0.02
2014.12.04 02:14:40.973,0.16418,0.1645,0.04,0.02
2014.12.04 02:14:42.103,0.16418,0.16451,0.02,0.02
2014.12.04 02:14:42.310,0.16415,0.16447,0.02,0.02
2014.12.04 02:14:44.730,0.16418,0.16449,0.02,0.02
2014.12.04 02:14:45.282,0.16418,0.1645,0.04,0.02
2014.12.04 02:14:49.987,0.16418,0.16451,0.02,0.02
2014.12.04 02:14:52.490,0.16418,0.1645,0.04,0.02
2014.12.04 02:14:53.605,0.16418,0.16451,0.02,0.02
2014.12.04 02:14:54.030,0.16415,0.16449,0.04,0.02
2014.12.04 02:14:54.130,0.16415,0.16446,0.02,0.02
2014.12.04 02:14:57.096,0.16415,0.16445,0.02,0.02
2014.12.04 02:14:59.489,0.16419,0.16449,0.02,0.02
2014.12.04 02:14:59.643,0.16414,0.16447,0.02,0.02
2014.12.04 02:15:00.176,0.16414,0.16448,0.04,0.02
2014.12.04 02:15:04.005,0.16414,0.16446,0.04,0.02
2014.12.04 02:15:04.706,0.16415,0.16447,0.02,0.02
2014.12.04 02:15:11.964,0.16416,0.16448,0.02,0.02
2014.12.04 02:15:21.757,0.16414,0.16446,0.04,0.02
2014.12.04 02:15:21.857,0.16415,0.16445,0.02,0.02
2014.12.04 02:15:22.433,0.16411,0.16441,0.02,0.02
2014.12.04 02:15:25.889,0.16413,0.16444,0.02,0.02
2014.12.04 02:15:43.062,0.16413,0.16443,0.02,0.02
2014.12.04 02:16:03.994,0.1641,0.16442,0.02,0.02
2014.12.04 02:16:13.940,0.16413,0.16443,0.02,0.02
2014.12.04 02:16:26.103,0.16409,0.16443,0.02,0.02
2014.12.04 02:16:27.266,0.16408,0.16442,0.02,0.02
2014.12.04 02:16:27.316,0.1641,0.16442,0.02,0.02
2014.12.04 02:16:27.618,0.1641,0.1644,0.02,0.02
2014.12.04 02:16:28.005,0.16407,0.16437,0.02,0.02
2014.12.04 02:16:28.105,0.1641,0.1644,0.02,0.02
2014.12.04 02:16:31.348,0.16409,0.1644,0.02,0.02
2014.12.04 02:16:44.217,0.16406,0.1644,0.02,0.02
2014.12.04 02:16:44.318,0.16407,0.16438,0.02,0.02
2014.12.04 02:16:44.945,0.16405,0.16435,0.02,0.02
2014.12.04 02:16:48.998,0.16405,0.16436,0.02,0.02
2014.12.04 02:16:49.098,0.16405,0.16439,0.04,0.02
2014.12.04 02:16:49.298,0.16405,0.16437,0.04,0.02
2014.12.04 02:17:10.023,0.16405,0.16439,0.04,0.02
2014.12.04 02:17:13.858,0.16405,0.16437,0.02,0.02
2014.12.04 02:17:14.329,0.16403,0.16435,0.04,0.02
2014.12.04 02:17:14.647,0.16406,0.16438,0.02,0.02
2014.12.04 02:17:14.748,0.16404,0.16438,0.02,0.02
2014.12.04 02:17:17.877,0.16405,0.16438,0.02,0.02
2014.12.04 02:17:35.062,0.16406,0.16438,0.02,0.02
2014.12.04 02:17:35.477,0.16408,0.16438,0.02,0.02
2014.12.04 02:17:35.764,0.16408,0.1644,0.02,0.02
2014.12.04 02:17:35.965,0.16403,0.16437,0.04,0.02
2014.12.04 02:17:36.536,0.16403,0.16436,0.02,0.02
2014.12.04 02:17:39.554,0.16405,0.16436,0.02,0.02
2014.12.04 02:17:54.495,0.16405,0.16435,0.02,0.02
2014.12.04 02:17:54.695,0.16406,0.16438,0.02,0.02
2014.12.04 02:17:55.299,0.16405,0.16438,0.02,0.02
2014.12.04 02:17:55.806,0.16405,0.16439,0.04,0.02
2014.12.04 02:18:00.448,0.16405,0.16438,0.02,0.02
2014.12.04 02:18:00.615,0.16405,0.16435,0.02,0.02
2014.12.04 02:18:21.061,0.16405,0.16436,0.02,0.02
2014.12.04 02:18:39.692,0.16402,0.16436,0.02,0.02
2014.12.04 02:18:41.148,0.16403,0.16436,0.02,0.02
2014.12.04 02:18:50.684,0.16403,0.16435,0.04,0.02
2014.12.04 02:18:50.823,0.164,0.16432,0.04,0.02
2014.12.04 02:18:54.619,0.16403,0.16434,0.02,0.02
2014.12.04 02:18:55.094,0.164,0.16432,0.04,0.02
2014.12.04 02:18:55.144,0.164,0.16432,0.04,0.02
2014.12.04 02:18:55.696,0.164,0.16431,0.02,0.02
2014.12.04 02:19:01.055,0.16402,0.16433,0.02,0.02
2014.12.04 02:19:01.219,0.16402,0.16433,0.02,0.02
2014.12.04 02:19:05.351,0.16399,0.16431,0.04,0.02
2014.12.04 02:19:06.121,0.16399,0.1643,0.02,0.02
2014.12.04 02:19:27.076,0.16399,0.16431,0.02,0.02
2014.12.04 02:19:36.944,0.16401,0.16433,0.04,0.02
2014.12.04 02:19:37.504,0.16401,0.16431,0.02,0.02
2014.12.04 02:19:42.616,0.16398,0.16431,0.02,0.02
2014.12.04 02:19:46.685,0.164,0.16431,0.02,0.02
2014.12.04 02:20:10.485,0.16399,0.16431,0.02,0.02
2014.12.04 02:20:11.008,0.16399,0.1643,0.02,0.02
2014.12.04 02:20:11.907,0.16399,0.16431,0.02,0.02
2014.12.04 02:20:14.516,0.164,0.16431,0.02,0.02
2014.12.04 02:20:15.061,0.164,0.1643,0.02,0.02
2014.12.04 02:20:16.722,0.164,0.16431,0.02,0.02
2014.12.04 02:20:17.250,0.164,0.1643,0.02,0.02
2014.12.04 02:20:18.475,0.16399,0.1643,0.02,0.02
2014.12.04 02:20:22.545,0.164,0.1643,0.02,0.02
2014.12.04 02:20:27.095,0.16398,0.16431,0.02,0.02
2014.12.04 02:20:27.635,0.16398,0.1643,0.04,0.02
2014.12.04 02:21:00.939,0.16401,0.16433,0.02,0.02
2014.12.04 02:21:20.517,0.16399,0.1643,0.02,0.02
2014.12.04 02:21:21.161,0.16399,0.16431,0.02,0.02
2014.12.04 02:21:24.584,0.164,0.16431,0.02,0.02
2014.12.04 02:21:39.005,0.164,0.1643,0.02,0.02
2014.12.04 02:21:48.925,0.164,0.16431,0.02,0.02
2014.12.04 02:22:06.757,0.164,0.1643,0.02,0.02
2014.12.04 02:22:24.733,0.16398,0.1643,0.02,0.02
2014.12.04 02:22:29.184,0.16397,0.16431,0.02,0.02
2014.12.04 02:22:39.414,0.16399,0.16433,0.02,0.02
2014.12.04 02:22:39.902,0.16403,0.16433,0.02,0.02
2014.12.04 02:22:40.303,0.16403,0.16436,0.02,0.02
2014.12.04 02:23:05.166,0.16403,0.16434,0.02,0.02
2014.12.04 02:23:05.776,0.164,0.16432,0.02,0.02
2014.12.04 02:23:22.371,0.164,0.16432,0.02,0.02
2014.12.04 02:23:22.990,0.164,0.16431,0.02,0.02
2014.12.04 02:23:36.396,0.16397,0.16429,0.04,0.02
2014.12.04 02:23:36.881,0.16394,0.16425,0.02,0.02
2014.12.04 02:23:40.472,0.16395,0.16425,0.02,0.02
2014.12.04 02:23:46.963,0.16399,0.16429,0.02,0.02
2014.12.04 02:23:47.063,0.16399,0.16429,0.02,0.02
2014.12.04 02:23:47.114,0.16399,0.16431,0.02,0.02
2014.12.04 02:23:48.159,0.16399,0.1643,0.02,0.02
2014.12.04 02:23:48.770,0.16399,0.16431,0.02,0.02
2014.12.04 02:23:50.922,0.164,0.16431,0.02,0.02
2014.12.04 02:24:02.194,0.16399,0.16431,0.02,0.02
2014.12.04 02:24:02.397,0.16394,0.16428,0.04,0.02
2014.12.04 02:24:02.913,0.16399,0.16431,0.02,0.02
2014.12.04 02:24:04.104,0.16399,0.1643,0.02,0.02
2014.12.04 02:24:19.421,0.16401,0.16432,0.02,0.02
2014.12.04 02:24:40.899,0.16398,0.1643,0.02,0.02
2014.12.04 02:24:40.999,0.16393,0.16427,0.04,0.02
2014.12.04 02:24:53.292,0.16398,0.16429,0.02,0.02
2014.12.04 02:24:53.395,0.16398,0.16431,0.02,0.02
2014.12.04 02:25:12.770,0.164,0.16431,0.02,0.02
2014.12.04 02:25:32.516,0.164,0.1643,0.02,0.02
2014.12.04 02:25:38.661,0.16399,0.16431,0.04,0.02
2014.12.04 02:25:38.933,0.16402,0.16433,0.02,0.02
2014.12.04 02:25:40.150,0.16402,0.16432,0.02,0.02
2014.12.04 02:25:42.460,0.16399,0.1643,0.02,0.02
2014.12.04 02:25:42.690,0.164,0.1643,0.02,0.02
2014.12.04 02:26:03.118,0.164,0.16431,0.02,0.02
2014.12.04 02:26:28.273,0.164,0.1643,0.02,0.02
2014.12.04 02:26:42.502,0.164,0.16431,0.02,0.02
2014.12.04 02:26:42.828,0.16397,0.16431,0.02,0.02
2014.12.04 02:28:22.997,0.16392,0.16439,0.03,0.01
2014.12.04 02:28:23.554,0.16391,0.1644,0.03,0.01
2014.12.04 02:28:24.827,0.16392,0.16439,0.03,0.01
2014.12.04 02:28:25.360,0.16391,0.1644,0.03,0.01
2014.12.04 02:28:28.673,0.16392,0.16439,0.03,0.01
2014.12.04 02:28:30.185,0.16391,0.1644,0.03,0.01
2014.12.04 02:28:32.410,0.16392,0.16439,0.03,0.01
2014.12.04 02:28:34.317,0.16391,0.1644,0.03,0.01
2014.12.04 02:28:38.169,0.16392,0.16439,0.03,0.01
2014.12.04 02:28:42.417,0.16391,0.1644,0.03,0.01
2014.12.04 02:28:44.335,0.16392,0.16439,0.03,0.01
2014.12.04 02:28:45.756,0.16391,0.1644,0.03,0.01
2014.12.04 02:28:46.433,0.16392,0.16439,0.03,0.01
2014.12.04 02:28:47.685,0.16391,0.1644,0.03,0.01
2014.12.04 02:28:48.413,0.16392,0.16439,0.03,0.01
2014.12.04 02:28:49.509,0.16391,0.1644,0.03,0.01
2014.12.04 02:28:51.950,0.16392,0.16439,0.03,0.01
2014.12.04 02:28:52.157,0.16403,0.16439,0.02,0.01
2014.12.04 02:28:52.475,0.16403,0.16433,0.02,0.02
2014.12.04 02:28:53.035,0.164,0.1643,0.02,0.02
2014.12.04 02:28:53.924,0.164,0.16432,0.04,0.02
2014.12.04 02:28:54.686,0.164,0.16431,0.02,0.02
2014.12.04 02:28:56.227,0.16401,0.16431,0.02,0.02
2014.12.04 02:29:01.176,0.16402,0.16432,0.02,0.02
2014.12.04 02:29:01.277,0.16402,0.16436,0.04,0.02
2014.12.04 02:29:01.435,0.16402,0.16434,0.04,0.02
2014.12.04 02:29:01.949,0.16403,0.16435,0.02,0.02
2014.12.04 02:29:32.172,0.16402,0.16435,0.02,0.02
2014.12.04 02:29:57.906,0.16403,0.16435,0.02,0.02
2014.12.04 02:30:02.430,0.16399,0.16432,0.02,0.02
2014.12.04 02:30:02.819,0.16399,0.1643,0.02,0.02
2014.12.04 02:30:04.269,0.16394,0.16426,0.02,0.02
2014.12.04 02:30:04.756,0.16396,0.16428,0.02,0.02
2014.12.04 02:30:07.126,0.16399,0.16431,0.02,0.02
2014.12.04 02:30:07.677,0.16399,0.1643,0.02,0.02
2014.12.04 02:30:09.150,0.16399,0.16431,0.02,0.02
2014.12.04 02:30:09.342,0.16399,0.16429,0.02,0.02
2014.12.04 02:30:09.749,0.16399,0.16431,0.02,0.02
2014.12.04 02:30:09.852,0.16395,0.16427,0.02,0.02
2014.12.04 02:30:10.233,0.16399,0.16431,0.02,0.02
2014.12.04 02:30:10.368,0.16399,0.16429,0.02,0.02
2014.12.04 02:30:10.561,0.16399,0.16431,0.02,0.02
2014.12.04 02:30:11.785,0.164,0.16431,0.02,0.02
2014.12.04 02:30:12.037,0.16401,0.16435,0.02,0.02
2014.12.04 02:30:12.679,0.16402,0.16436,0.02,0.02
2014.12.04 02:30:13.668,0.16401,0.16435,0.02,0.02
2014.12.04 02:30:14.441,0.16403,0.16435,0.02,0.02
2014.12.04 02:30:14.988,0.164,0.16432,0.04,0.02
2014.12.04 02:30:15.588,0.164,0.16431,0.02,0.02
2014.12.04 02:30:16.145,0.164,0.16434,0.02,0.02
2014.12.04 02:30:16.345,0.16399,0.1643,0.02,0.02
2014.12.04 02:30:18.783,0.16399,0.16432,0.02,0.02
2014.12.04 02:30:18.899,0.16402,0.16432,0.02,0.02
2014.12.04 02:30:19.172,0.16402,0.16436,0.04,0.02
2014.12.04 02:30:19.351,0.16402,0.16434,0.04,0.02
2014.12.04 02:30:19.893,0.16403,0.16435,0.02,0.02
2014.12.04 02:30:25.403,0.16402,0.16436,0.04,0.02
2014.12.04 02:30:25.831,0.16402,0.16432,0.02,0.02
2014.12.04 02:30:35.633,0.16402,0.16433,0.02,0.02
2014.12.04 02:30:35.705,0.16405,0.16437,0.02,0.02
2014.12.04 02:30:35.907,0.16402,0.16436,0.04,0.02
2014.12.04 02:30:53.759,0.16402,0.16433,0.02,0.02
2014.12.04 02:31:09.821,0.164,0.16432,0.04,0.02
2014.12.04 02:31:10.370,0.164,0.16431,0.02,0.02
2014.12.04 02:31:10.618,0.164,0.16434,0.04,0.02
2014.12.04 02:31:12.622,0.164,0.16432,0.04,0.02
2014.12.04 02:31:14.024,0.16401,0.16433,0.02,0.02
2014.12.04 02:31:19.558,0.16401,0.16435,0.02,0.02
2014.12.04 02:31:19.764,0.16402,0.16433,0.02,0.02
2014.12.04 02:31:22.142,0.16402,0.16436,0.04,0.02
2014.12.04 02:31:24.370,0.16407,0.16439,0.02,0.02
2014.12.04 02:31:24.687,0.16405,0.16437,0.02,0.02
2014.12.04 02:31:25.378,0.16407,0.16441,0.03,0.02
2014.12.04 02:31:25.479,0.16413,0.16445,0.02,0.02
2014.12.04 02:31:26.059,0.16412,0.16446,0.02,0.02
2014.12.04 02:31:28.560,0.16411,0.16443,0.02,0.02
2014.12.04 02:31:28.661,0.16407,0.16441,0.02,0.02
2014.12.04 02:31:33.983,0.16408,0.1644,0.02,0.02
2014.12.04 02:31:35.984,0.16407,0.16439,0.02,0.02
2014.12.04 02:31:36.084,0.16405,0.16437,0.02,0.02
2014.12.04 02:31:36.285,0.16403,0.16437,0.04,0.02
2014.12.04 02:31:36.597,0.16403,0.16435,0.02,0.02
2014.12.04 02:31:41.625,0.16403,0.16437,0.02,0.02
2014.12.04 02:31:41.792,0.16405,0.16437,0.02,0.02
2014.12.04 02:31:42.139,0.16403,0.16437,0.02,0.02
2014.12.04 02:31:42.294,0.16403,0.16435,0.02,0.02
2014.12.04 02:31:42.638,0.16403,0.16437,0.02,0.02
2014.12.04 02:31:42.694,0.16405,0.16437,0.02,0.02
2014.12.04 02:31:43.196,0.16403,0.16435,0.02,0.02
2014.12.04 02:31:46.119,0.16404,0.16436,0.02,0.02
2014.12.04 02:31:46.808,0.16405,0.16437,0.02,0.02
2014.12.04 02:31:48.510,0.16405,0.16439,0.02,0.02
2014.12.04 02:31:48.612,0.16408,0.16441,0.02,0.02
2014.12.04 02:31:48.737,0.1641,0.16444,0.02,0.02
2014.12.04 02:31:48.905,0.16407,0.16441,0.02,0.02
2014.12.04 02:31:49.450,0.16408,0.1644,0.02,0.02
2014.12.04 02:31:49.707,0.16409,0.16443,0.02,0.02
2014.12.04 02:31:49.908,0.16407,0.16441,0.02,0.02
2014.12.04 02:31:50.609,0.16409,0.16441,0.02,0.02
2014.12.04 02:31:50.710,0.1641,0.16444,0.02,0.02
2014.12.04 02:31:50.820,0.16412,0.16446,0.02,0.02
2014.12.04 02:31:52.538,0.16413,0.16445,0.02,0.02
2014.12.04 02:31:53.013,0.16409,0.16443,0.02,0.02
2014.12.04 02:31:53.537,0.16408,0.16442,0.02,0.02
2014.12.04 02:31:53.614,0.1641,0.16442,0.02,0.02
2014.12.04 02:31:54.206,0.16409,0.16441,0.02,0.02
2014.12.04 02:31:54.637,0.16411,0.16443,0.02,0.02
2014.12.04 02:31:55.062,0.16413,0.16445,0.02,0.02
2014.12.04 02:31:57.620,0.16412,0.16446,0.02,0.02
2014.12.04 02:31:58.767,0.16414,0.16446,0.02,0.02
2014.12.04 02:31:58.923,0.16417,0.16451,0.02,0.02
2014.12.04 02:31:59.023,0.1642,0.16454,0.02,0.02
2014.12.04 02:31:59.368,0.16417,0.16451,0.02,0.02
2014.12.04 02:32:03.531,0.16418,0.1645,0.02,0.02
2014.12.04 02:32:04.933,0.16417,0.16451,0.02,0.02
2014.12.04 02:32:05.533,0.16418,0.1645,0.02,0.02
2014.12.04 02:32:07.045,0.16417,0.16451,0.02,0.02
2014.12.04 02:32:14.775,0.16419,0.16453,0.02,0.02
2014.12.04 02:32:15.547,0.16419,0.16451,0.02,0.02
2014.12.04 02:32:16.148,0.16418,0.1645,0.02,0.02
2014.12.04 02:32:16.649,0.16417,0.16451,0.02,0.02
2014.12.04 02:32:17.549,0.16418,0.1645,0.02,0.02
2014.12.04 02:32:20.353,0.16417,0.16451,0.02,0.02
2014.12.04 02:32:20.857,0.16418,0.1645,0.02,0.02
2014.12.04 02:32:21.515,0.16417,0.16451,0.02,0.02
2014.12.04 02:32:22.957,0.16418,0.1645,0.02,0.02
2014.12.04 02:32:24.589,0.16419,0.16453,0.02,0.02
2014.12.04 02:32:24.867,0.16419,0.16451,0.02,0.02
2014.12.04 02:32:25.198,0.16417,0.16451,0.02,0.02
2014.12.04 02:32:25.661,0.16419,0.16453,0.02,0.02
2014.12.04 02:32:26.187,0.1642,0.16454,0.02,0.02
2014.12.04 02:32:27.363,0.16419,0.16453,0.02,0.02
2014.12.04 02:32:27.664,0.16421,0.16453,0.02,0.02
2014.12.04 02:32:34.014,0.16419,0.16453,0.02,0.02
2014.12.04 02:32:34.173,0.16417,0.16451,0.02,0.02
2014.12.04 02:32:35.006,0.1642,0.16454,0.02,0.02
2014.12.04 02:32:35.576,0.16423,0.16455,0.02,0.02
2014.12.04 02:32:38.097,0.16425,0.16457,0.02,0.02
2014.12.04 02:32:38.198,0.16427,0.16461,0.02,0.02
2014.12.04 02:32:38.430,0.16425,0.16459,0.02,0.02
2014.12.04 02:32:39.091,0.16425,0.16457,0.02,0.02
2014.12.04 02:32:39.192,0.16423,0.16457,0.02,0.02
2014.12.04 02:32:39.700,0.16422,0.16456,0.02,0.02
2014.12.04 02:32:40.203,0.16423,0.16455,0.02,0.02
2014.12.04 02:32:40.787,0.16422,0.16456,0.02,0.02
2014.12.04 02:32:42.290,0.16423,0.16455,0.02,0.02
2014.12.04 02:32:43.291,0.16422,0.16456,0.02,0.02
2014.12.04 02:32:48.116,0.16427,0.16461,0.02,0.02
2014.12.04 02:32:48.520,0.16425,0.16459,0.02,0.02
2014.12.04 02:32:50.102,0.16424,0.16458,0.02,0.02
2014.12.04 02:32:50.502,0.16426,0.16458,0.02,0.02
2014.12.04 02:32:51.103,0.16424,0.16458,0.02,0.02
2014.12.04 02:32:51.676,0.16425,0.16459,0.02,0.02
2014.12.04 02:32:52.130,0.16428,0.1646,0.02,0.02
2014.12.04 02:32:52.235,0.16428,0.16462,0.02,0.02
2014.12.04 02:32:52.336,0.1643,0.16462,0.02,0.02
2014.12.04 02:32:52.436,0.16432,0.16466,0.02,0.02
2014.12.04 02:32:52.541,0.16431,0.16463,0.02,0.02
2014.12.04 02:32:52.606,0.16429,0.16463,0.02,0.02
2014.12.04 02:32:52.806,0.16431,0.16463,0.02,0.02
2014.12.04 02:32:53.149,0.16432,0.16466,0.02,0.02
2014.12.04 02:32:53.207,0.16434,0.16468,0.02,0.02
2014.12.04 02:32:53.659,0.16432,0.16466,0.02,0.02
2014.12.04 02:32:55.031,0.1643,0.16464,0.02,0.02
2014.12.04 02:32:55.380,0.16429,0.16461,0.02,0.02
2014.12.04 02:32:55.970,0.1643,0.16462,0.02,0.02
2014.12.04 02:32:59.017,0.16429,0.16463,0.02,0.02
2014.12.04 02:32:59.419,0.16432,0.16466,0.02,0.02
2014.12.04 02:33:01.821,0.16433,0.16465,0.02,0.02
2014.12.04 02:33:04.027,0.16432,0.16466,0.02,0.02
2014.12.04 02:33:05.034,0.16433,0.16465,0.02,0.02
2014.12.04 02:33:06.975,0.16432,0.16466,0.02,0.02
2014.12.04 02:33:09.047,0.16433,0.16467,0.02,0.02
2014.12.04 02:33:09.648,0.16432,0.16466,0.02,0.02
2014.12.04 02:33:11.581,0.16433,0.16465,0.02,0.02
2014.12.04 02:33:12.358,0.16432,0.16466,0.02,0.02
2014.12.04 02:33:14.776,0.16436,0.16468,0.02,0.02
2014.12.04 02:33:15.122,0.16438,0.1647,0.02,0.02
2014.12.04 02:33:17.562,0.16437,0.16471,0.02,0.02
2014.12.04 02:33:20.067,0.16438,0.1647,0.02,0.02
2014.12.04 02:33:21.118,0.16437,0.16471,0.02,0.02
2014.12.04 02:33:25.200,0.1644,0.16472,0.02,0.02
2014.12.04 02:33:25.277,0.16438,0.16472,0.02,0.02
2014.12.04 02:33:25.578,0.1644,0.16472,0.02,0.02
2014.12.04 02:33:26.606,0.16439,0.16473,0.02,0.02
2014.12.04 02:33:27.030,0.16444,0.16475,0.02,0.02
2014.12.04 02:33:27.581,0.16442,0.16476,0.02,0.02
2014.12.04 02:33:28.266,0.16443,0.16475,0.02,0.02
2014.12.04 02:33:28.595,0.16438,0.16472,0.02,0.02
2014.12.04 02:33:30.086,0.16439,0.16473,0.02,0.02
2014.12.04 02:33:30.716,0.16439,0.16471,0.02,0.02
2014.12.04 02:33:32.089,0.16437,0.16471,0.02,0.02
2014.12.04 02:33:34.593,0.16438,0.1647,0.02,0.02
2014.12.04 02:33:36.706,0.16441,0.16473,0.02,0.02
2014.12.04 02:33:36.896,0.16442,0.16476,0.02,0.02
2014.12.04 02:33:36.997,0.16439,0.16473,0.02,0.02
2014.12.04 02:33:37.298,0.16438,0.1647,0.02,0.02
2014.12.04 02:33:40.122,0.16437,0.16471,0.02,0.02
2014.12.04 02:33:40.673,0.16438,0.1647,0.02,0.02
2014.12.04 02:33:42.107,0.16438,0.16472,0.02,0.02
2014.12.04 02:33:42.608,0.16437,0.16471,0.02,0.02
2014.12.04 02:33:45.015,0.16438,0.1647,0.02,0.02
2014.12.04 02:33:45.535,0.16438,0.16472,0.02,0.02
2014.12.04 02:33:45.636,0.1644,0.16472,0.02,0.02
2014.12.04 02:33:45.737,0.16438,0.16472,0.02,0.02
2014.12.04 02:33:46.019,0.1644,0.16472,0.02,0.02
2014.12.04 02:33:46.496,0.16438,0.1647,0.02,0.02
2014.12.04 02:33:53.667,0.16438,0.16472,0.02,0.02
2014.12.04 02:33:53.947,0.16438,0.1647,0.02,0.02
2014.12.04 02:33:56.086,0.1644,0.16472,0.02,0.02
2014.12.04 02:33:56.966,0.16439,0.16471,0.02,0.02
2014.12.04 02:33:57.167,0.16439,0.16473,0.02,0.02
2014.12.04 02:33:57.405,0.16439,0.16471,0.02,0.02
2014.12.04 02:33:57.505,0.16437,0.16471,0.02,0.02
2014.12.04 02:33:58.375,0.16438,0.1647,0.02,0.02
2014.12.04 02:33:59.606,0.16437,0.16471,0.02,0.02
2014.12.04 02:34:00.375,0.16438,0.1647,0.02,0.02
2014.12.04 02:34:02.406,0.16437,0.16471,0.02,0.02
2014.12.04 02:34:03.476,0.16438,0.1647,0.02,0.02
2014.12.04 02:34:04.778,0.16437,0.16471,0.02,0.02
2014.12.04 02:34:08.583,0.16438,0.1647,0.02,0.02
2014.12.04 02:34:09.084,0.16437,0.16471,0.02,0.02
2014.12.04 02:34:10.086,0.16438,0.1647,0.02,0.02
2014.12.04 02:34:11.088,0.16437,0.16471,0.02,0.02
2014.12.04 02:34:15.628,0.16438,0.1647,0.02,0.02
2014.12.04 02:34:17.798,0.16437,0.16471,0.02,0.02
2014.12.04 02:34:25.147,0.16435,0.16469,0.02,0.02
2014.12.04 02:34:25.555,0.16432,0.16466,0.02,0.02
2014.12.04 02:34:31.316,0.16432,0.16464,0.02,0.02
2014.12.04 02:34:31.846,0.16431,0.16463,0.02,0.02
2014.12.04 02:34:31.917,0.16429,0.16463,0.02,0.02
2014.12.04 02:34:32.017,0.16431,0.16463,0.02,0.02
2014.12.04 02:34:32.117,0.16432,0.16466,0.02,0.02
2014.12.04 02:34:33.548,0.16433,0.16465,0.02,0.02
2014.12.04 02:34:34.093,0.16436,0.1647,0.02,0.03
2014.12.04 02:34:34.143,0.16433,0.16465,0.02,0.02
2014.12.04 02:34:34.817,0.16432,0.16466,0.02,0.02
2014.12.04 02:34:41.535,0.16433,0.16465,0.02,0.02
2014.12.04 02:34:44.039,0.16432,0.16466,0.02,0.02
2014.12.04 02:34:44.645,0.16433,0.16465,0.02,0.02
2014.12.04 02:34:46.958,0.16432,0.16466,0.02,0.02
2014.12.04 02:34:48.071,0.16433,0.16465,0.02,0.02
2014.12.04 02:34:52.150,0.16432,0.16466,0.02,0.02
2014.12.04 02:34:53.052,0.16433,0.16465,0.02,0.02
2014.12.04 02:34:57.057,0.16432,0.16466,0.02,0.02
2014.12.04 02:35:01.061,0.16433,0.16465,0.02,0.02
2014.12.04 02:35:11.988,0.16432,0.16466,0.02,0.02
2014.12.04 02:35:16.030,0.16432,0.16464,0.02,0.02
2014.12.04 02:35:16.382,0.1643,0.16464,0.02,0.02
2014.12.04 02:35:16.683,0.16433,0.16465,0.02,0.02
2014.12.04 02:35:16.984,0.16427,0.16461,0.02,0.02
2014.12.04 02:35:36.813,0.1643,0.16461,0.02,0.02
2014.12.04 02:35:37.369,0.1643,0.1646,0.02,0.02
2014.12.04 02:35:57.963,0.16428,0.1646,0.04,0.02
2014.12.04 02:35:58.522,0.16428,0.16461,0.02,0.02
2014.12.04 02:36:03.081,0.16428,0.1646,0.04,0.02
2014.12.04 02:36:03.573,0.16431,0.16462,0.02,0.02
2014.12.04 02:36:04.134,0.16431,0.16461,0.02,0.02
2014.12.04 02:36:04.793,0.16428,0.1646,0.04,0.02
2014.12.04 02:36:07.491,0.16431,0.16461,0.02,0.02
2014.12.04 02:36:11.298,0.16428,0.1646,0.04,0.02
2014.12.04 02:36:31.071,0.16431,0.16461,0.02,0.02
2014.12.04 02:36:31.974,0.16428,0.1646,0.04,0.02
2014.12.04 02:36:32.183,0.16429,0.1646,0.02,0.02
2014.12.04 02:36:32.823,0.16429,0.16461,0.02,0.02
2014.12.04 02:36:33.628,0.16429,0.1646,0.02,0.02
2014.12.04 02:36:34.187,0.16429,0.16461,0.02,0.02
2014.12.04 02:36:35.608,0.16429,0.1646,0.02,0.02
2014.12.04 02:37:01.511,0.16428,0.1646,0.02,0.02
2014.12.04 02:37:01.561,0.16426,0.16458,0.02,0.02
2014.12.04 02:37:01.921,0.16425,0.16455,0.02,0.02
2014.12.04 02:37:06.046,0.16425,0.16456,0.02,0.02
2014.12.04 02:37:52.507,0.16425,0.16455,0.02,0.02
2014.12.04 02:37:54.009,0.16425,0.16456,0.02,0.02
2014.12.04 02:37:54.510,0.16425,0.16455,0.02,0.02
2014.12.04 02:37:55.088,0.16425,0.16456,0.02,0.02
2014.12.04 02:37:59.518,0.16425,0.16457,0.04,0.02
2014.12.04 02:38:00.033,0.16426,0.16458,0.02,0.02
2014.12.04 02:38:01.069,0.16425,0.16457,0.04,0.02
2014.12.04 02:38:01.420,0.16425,0.16455,0.02,0.02
2014.12.04 02:38:01.523,0.16423,0.16455,0.02,0.02
2014.12.04 02:38:01.621,0.16426,0.16458,0.02,0.02
2014.12.04 02:38:05.927,0.16425,0.16457,0.02,0.02
2014.12.04 02:38:06.031,0.16422,0.16456,0.02,0.02
2014.12.04 02:38:19.680,0.16423,0.16456,0.02,0.02
2014.12.04 02:38:19.746,0.16426,0.16458,0.02,0.02
2014.12.04 02:38:19.860,0.16424,0.16458,0.02,0.02
2014.12.04 02:38:20.402,0.16425,0.16459,0.02,0.02
2014.12.04 02:38:33.065,0.16425,0.16457,0.04,0.02
2014.12.04 02:38:35.067,0.16425,0.16459,0.04,0.02
2014.12.04 02:38:36.596,0.16425,0.16458,0.02,0.02
2014.12.04 02:38:36.670,0.16425,0.16456,0.02,0.02
2014.12.04 02:38:37.206,0.16425,0.16459,0.04,0.02
2014.12.04 02:38:37.271,0.16425,0.16457,0.04,0.02
2014.12.04 02:38:38.049,0.16425,0.16458,0.02,0.02
2014.12.04 02:38:38.572,0.16426,0.16458,0.02,0.02
2014.12.04 02:38:39.090,0.16425,0.16458,0.02,0.02
2014.12.04 02:38:40.078,0.16426,0.16458,0.02,0.02
2014.12.04 02:38:40.689,0.16425,0.16458,0.02,0.02
2014.12.04 02:38:41.349,0.16426,0.16458,0.02,0.02
2014.12.04 02:38:41.677,0.16425,0.16455,0.02,0.02
2014.12.04 02:38:42.278,0.16426,0.16458,0.02,0.02
2014.12.04 02:38:42.925,0.16425,0.16458,0.02,0.02
2014.12.04 02:38:43.579,0.16426,0.16458,0.02,0.02
2014.12.04 02:38:44.089,0.16425,0.16455,0.02,0.02
2014.12.04 02:38:44.693,0.16426,0.16458,0.02,0.02
2014.12.04 02:38:45.309,0.16425,0.16459,0.04,0.02
2014.12.04 02:38:45.506,0.16425,0.16457,0.04,0.02
2014.12.04 02:38:46.022,0.16425,0.16456,0.02,0.02
2014.12.04 02:38:46.083,0.16426,0.16458,0.02,0.02
2014.12.04 02:38:47.085,0.16425,0.16458,0.02,0.02
2014.12.04 02:38:47.622,0.16425,0.16459,0.04,0.02
2014.12.04 02:38:48.282,0.16425,0.16458,0.02,0.02
2014.12.04 02:38:49.688,0.16425,0.16455,0.02,0.02
2014.12.04 02:38:50.596,0.16426,0.16458,0.02,0.02
2014.12.04 02:38:51.254,0.16425,0.16457,0.04,0.02
2014.12.04 02:38:51.490,0.16425,0.16459,0.04,0.02
2014.12.04 02:38:51.991,0.16425,0.16457,0.04,0.02
2014.12.04 02:38:54.995,0.16426,0.16458,0.02,0.02
2014.12.04 02:39:01.605,0.16425,0.16458,0.02,0.02
2014.12.04 02:39:03.107,0.16426,0.16458,0.02,0.02
2014.12.04 02:39:06.112,0.16425,0.16458,0.02,0.02
2014.12.04 02:39:06.539,0.16425,0.16456,0.02,0.02
2014.12.04 02:39:23.922,0.16422,0.16456,0.02,0.02
2014.12.04 02:39:45.072,0.16423,0.16455,0.02,0.02
2014.12.04 02:40:06.112,0.16422,0.16456,0.02,0.02
2014.12.04 02:40:11.428,0.16428,0.16458,0.02,0.02
2014.12.04 02:40:11.629,0.16428,0.1646,0.04,0.02
2014.12.04 02:40:12.149,0.16428,0.16461,0.02,0.02
2014.12.04 02:41:11.505,0.16427,0.16461,0.02,0.02
2014.12.04 02:41:12.306,0.16428,0.1646,0.02,0.02
2014.12.04 02:41:15.192,0.16427,0.16461,0.02,0.02
2014.12.04 02:41:34.336,0.16428,0.1646,0.02,0.02
2014.12.04 02:41:47.070,0.16431,0.16461,0.02,0.02
2014.12.04 02:41:47.171,0.16431,0.16465,0.04,0.02
2014.12.04 02:41:47.332,0.16428,0.1646,0.04,0.02
2014.12.04 02:42:21.175,0.16431,0.16461,0.02,0.02
2014.12.04 02:42:21.711,0.16428,0.1646,0.04,0.02
2014.12.04 02:42:24.447,0.16432,0.16462,0.02,0.02
2014.12.04 02:42:24.598,0.16432,0.16463,0.02,0.02
2014.12.04 02:42:24.980,0.16429,0.16461,0.04,0.02
2014.12.04 02:42:28.548,0.1643,0.16461,0.02,0.02
2014.12.04 02:42:34.606,0.1643,0.1646,0.02,0.02
2014.12.04 02:42:39.300,0.1643,0.16461,0.02,0.02
2014.12.04 02:42:46.810,0.1643,0.1646,0.02,0.02
2014.12.04 02:42:48.546,0.16428,0.1646,0.04,0.02
2014.12.04 02:42:54.121,0.16428,0.16461,0.02,0.02
2014.12.04 02:42:54.537,0.16426,0.16458,0.04,0.02
2014.12.04 02:42:54.901,0.16423,0.16455,0.04,0.02
2014.12.04 02:43:03.537,0.16423,0.16455,0.04,0.02
2014.12.04 02:43:07.566,0.16425,0.16455,0.02,0.02
2014.12.04 02:43:15.049,0.16425,0.16456,0.02,0.02
2014.12.04 02:43:40.684,0.16425,0.16455,0.02,0.02
2014.12.04 02:43:44.689,0.16425,0.16456,0.02,0.02
2014.12.04 02:43:51.160,0.16423,0.16456,0.02,0.02
2014.12.04 02:43:52.015,0.16423,0.16455,0.04,0.02
2014.12.04 02:43:55.195,0.16425,0.16455,0.02,0.02
2014.12.04 02:44:06.227,0.16425,0.16456,0.02,0.02
2014.12.04 02:44:08.932,0.16425,0.16455,0.02,0.02
2014.12.04 02:44:11.037,0.16425,0.16456,0.02,0.02
2014.12.04 02:44:39.796,0.16428,0.16459,0.02,0.02
2014.12.04 02:44:40.407,0.16423,0.16455,0.04,0.02
2014.12.04 02:44:43.854,0.16426,0.16457,0.02,0.02
2014.12.04 02:44:44.421,0.16426,0.16456,0.02,0.02
2014.12.04 02:44:52.875,0.16422,0.16456,0.04,0.02
2014.12.04 02:44:56.944,0.16426,0.16456,0.02,0.02
2014.12.04 02:44:59.222,0.16423,0.16455,0.04,0.02
2014.12.04 02:45:01.115,0.16426,0.16456,0.02,0.02
2014.12.04 02:45:01.165,0.16422,0.16456,0.04,0.02
2014.12.04 02:45:01.756,0.16423,0.16455,0.02,0.02
2014.12.04 02:45:14.849,0.16422,0.16456,0.04,0.02
2014.12.04 02:45:24.003,0.16423,0.16455,0.02,0.02
2014.12.04 02:45:24.590,0.16422,0.16456,0.04,0.02
2014.12.04 02:45:26.617,0.16423,0.16455,0.02,0.02
2014.12.04 02:45:27.646,0.16422,0.16456,0.04,0.02
2014.12.04 02:45:59.299,0.16422,0.16453,0.02,0.02
2014.12.04 02:46:00.327,0.16421,0.16453,0.02,0.02
2014.12.04 02:46:00.650,0.16421,0.16451,0.02,0.02
2014.12.04 02:46:01.268,0.16418,0.1645,0.04,0.02
2014.12.04 02:46:10.031,0.16418,0.16451,0.02,0.02
2014.12.04 02:46:14.052,0.16421,0.16451,0.02,0.02
2014.12.04 02:46:14.783,0.16418,0.1645,0.04,0.02
2014.12.04 02:46:35.105,0.16421,0.16451,0.02,0.02
2014.12.04 02:46:43.941,0.16422,0.16453,0.02,0.02
2014.12.04 02:46:44.489,0.16422,0.16452,0.02,0.02
2014.12.04 02:46:45.300,0.16422,0.16453,0.02,0.02
2014.12.04 02:46:46.384,0.16419,0.16451,0.04,0.02
2014.12.04 02:46:48.012,0.1642,0.16451,0.02,0.02
2014.12.04 02:46:50.634,0.1642,0.1645,0.02,0.02
2014.12.04 02:47:00.552,0.16418,0.1645,0.04,0.02
2014.12.04 02:47:01.140,0.16418,0.16451,0.02,0.02
2014.12.04 02:47:34.242,0.16418,0.1645,0.04,0.02
2014.12.04 02:47:37.391,0.16416,0.16448,0.02,0.02
2014.12.04 02:47:37.697,0.16415,0.16445,0.02,0.02
2014.12.04 02:47:38.762,0.16415,0.16446,0.02,0.02
2014.12.04 02:47:39.453,0.16415,0.16445,0.02,0.02
2014.12.04 02:47:41.271,0.16415,0.16446,0.02,0.02
2014.12.04 02:47:43.276,0.16415,0.16447,0.02,0.02
2014.12.04 02:47:43.958,0.16415,0.16446,0.02,0.02
2014.12.04 02:47:44.323,0.16418,0.16448,0.02,0.02
2014.12.04 02:47:46.483,0.16418,0.1645,0.04,0.02
2014.12.04 02:47:47.687,0.16418,0.16448,0.02,0.02
2014.12.04 02:47:49.561,0.16415,0.16448,0.02,0.02
2014.12.04 02:47:49.612,0.16415,0.16446,0.02,0.02
2014.12.04 02:47:50.347,0.16415,0.16445,0.02,0.02
2014.12.04 02:47:58.518,0.16415,0.16446,0.02,0.02
2014.12.04 02:48:08.781,0.16411,0.16443,0.04,0.02
2014.12.04 02:48:08.882,0.16408,0.1644,0.04,0.02
2014.12.04 02:48:26.774,0.16411,0.16441,0.02,0.02
2014.12.04 02:48:28.702,0.16408,0.1644,0.04,0.02
2014.12.04 02:48:33.086,0.16411,0.16441,0.02,0.02
2014.12.04 02:48:36.733,0.16408,0.1644,0.04,0.02
2014.12.04 02:48:45.070,0.16412,0.16443,0.02,0.02
2014.12.04 02:48:45.120,0.16412,0.16442,0.02,0.02
2014.12.04 02:48:45.220,0.16412,0.16444,0.02,0.02
2014.12.04 02:48:45.321,0.16412,0.16446,0.04,0.02
2014.12.04 02:48:49.140,0.16415,0.16446,0.02,0.02
2014.12.04 02:48:59.456,0.16412,0.16443,0.02,0.02
2014.12.04 02:49:00.065,0.1641,0.1644,0.02,0.02
2014.12.04 02:49:01.290,0.16408,0.1644,0.04,0.02
2014.12.04 02:49:09.344,0.16408,0.16441,0.02,0.02
2014.12.04 02:49:10.044,0.16408,0.1644,0.04,0.02
2014.12.04 02:49:20.058,0.16408,0.16441,0.02,0.02
2014.12.04 02:49:22.063,0.16408,0.1644,0.04,0.02
2014.12.04 02:49:28.513,0.16405,0.16437,0.02,0.02
2014.12.04 02:49:28.821,0.16405,0.16436,0.02,0.02
2014.12.04 02:49:29.454,0.16405,0.16437,0.04,0.02
2014.12.04 02:49:32.859,0.16409,0.1644,0.02,0.02
2014.12.04 02:49:38.086,0.16406,0.16437,0.02,0.02
2014.12.04 02:49:38.698,0.16406,0.16436,0.02,0.02
2014.12.04 02:49:47.202,0.16403,0.16435,0.04,0.02
2014.12.04 02:49:50.049,0.16404,0.16435,0.02,0.02
2014.12.04 02:49:50.150,0.16404,0.16437,0.02,0.02
2014.12.04 02:49:50.687,0.16404,0.16438,0.04,0.02
2014.12.04 02:49:54.537,0.16404,0.16437,0.02,0.02
2014.12.04 02:49:55.539,0.16406,0.16437,0.02,0.02
2014.12.04 02:49:56.017,0.16403,0.16435,0.04,0.02
2014.12.04 02:49:56.117,0.16406,0.16437,0.02,0.02
2014.12.04 02:49:59.649,0.16409,0.16439,0.02,0.02
2014.12.04 02:50:02.023,0.16404,0.16436,0.04,0.02
2014.12.04 02:50:02.524,0.16405,0.16437,0.02,0.02
2014.12.04 02:50:06.959,0.16406,0.16438,0.02,0.02
2014.12.04 02:50:07.299,0.16408,0.16438,0.02,0.02
2014.12.04 02:50:07.450,0.16411,0.16441,0.02,0.02
2014.12.04 02:50:13.579,0.16412,0.16444,0.02,0.02
2014.12.04 02:50:14.763,0.16409,0.1644,0.02,0.02
2014.12.04 02:50:14.863,0.16412,0.16443,0.02,0.02
2014.12.04 02:50:15.364,0.16409,0.16441,0.02,0.02
2014.12.04 02:50:15.918,0.16409,0.1644,0.02,0.02
2014.12.04 02:50:17.648,0.1641,0.1644,0.02,0.02
2014.12.04 02:50:21.573,0.1641,0.16441,0.02,0.02
2014.12.04 02:50:22.074,0.16409,0.16441,0.02,0.02
2014.12.04 02:50:23.379,0.16409,0.1644,0.02,0.02
2014.12.04 02:50:26.611,0.16409,0.16441,0.02,0.02
2014.12.04 02:50:43.938,0.16411,0.16441,0.02,0.02
2014.12.04 02:50:44.543,0.16411,0.16442,0.02,0.02
2014.12.04 02:50:44.873,0.16408,0.1644,0.04,0.02
2014.12.04 02:50:52.957,0.16408,0.1644,0.04,0.02
2014.12.04 02:50:53.550,0.16408,0.16441,0.02,0.02
2014.12.04 02:50:54.941,0.16408,0.1644,0.04,0.02
2014.12.04 02:51:06.607,0.16405,0.16437,0.02,0.02
2014.12.04 02:51:07.370,0.16408,0.16438,0.02,0.02
2014.12.04 02:51:30.000,0.16405,0.16437,0.02,0.02
2014.12.04 02:51:34.517,0.16408,0.1644,0.04,0.02
2014.12.04 02:51:34.709,0.16408,0.16438,0.02,0.02
2014.12.04 02:51:42.645,0.16405,0.16437,0.02,0.02
2014.12.04 02:51:51.384,0.16408,0.16439,0.02,0.02
2014.12.04 02:51:51.956,0.16408,0.1644,0.04,0.02
2014.12.04 02:51:54.049,0.16407,0.16441,0.02,0.02
2014.12.04 02:52:04.300,0.16412,0.16444,0.02,0.03
2014.12.04 02:52:04.560,0.16412,0.16446,0.04,0.02
2014.12.04 02:52:04.660,0.16412,0.16442,0.02,0.02
2014.12.04 02:52:05.061,0.16416,0.16448,0.02,0.02
2014.12.04 02:52:05.291,0.16414,0.16446,0.02,0.02
2014.12.04 02:52:06.096,0.16415,0.16447,0.02,0.02
2014.12.04 02:52:06.561,0.16415,0.16447,0.02,0.02
2014.12.04 02:52:09.582,0.16414,0.16446,0.04,0.02
2014.12.04 02:52:10.172,0.16414,0.16448,0.04,0.02
2014.12.04 02:52:10.306,0.16415,0.16448,0.02,0.02
2014.12.04 02:52:13.077,0.16415,0.16447,0.02,0.02
2014.12.04 02:52:13.178,0.16415,0.16445,0.02,0.02
2014.12.04 02:52:13.680,0.16415,0.16446,0.02,0.02
2014.12.04 02:52:14.297,0.16415,0.16447,0.04,0.02
2014.12.04 02:52:14.812,0.16419,0.1645,0.02,0.02
2014.12.04 02:52:18.546,0.16414,0.16446,0.04,0.02
2014.12.04 02:52:22.186,0.16415,0.16446,0.02,0.02
2014.12.04 02:52:22.705,0.16415,0.16445,0.02,0.02
2014.12.04 02:52:27.625,0.16418,0.16448,0.02,0.02
2014.12.04 02:52:27.776,0.16415,0.16447,0.02,0.02
2014.12.04 02:52:29.582,0.16418,0.16448,0.02,0.02
2014.12.04 02:52:31.176,0.16413,0.16447,0.04,0.02
2014.12.04 02:52:31.276,0.16413,0.16445,0.04,0.02
2014.12.04 02:52:31.688,0.16416,0.16447,0.02,0.02
2014.12.04 02:52:33.141,0.16416,0.16446,0.02,0.02
2014.12.04 02:52:33.885,0.16412,0.16446,0.02,0.02
2014.12.04 02:52:33.986,0.1641,0.16444,0.04,0.02
2014.12.04 02:52:34.613,0.1641,0.16441,0.02,0.02
2014.12.04 02:52:38.401,0.16413,0.16444,0.02,0.02
2014.12.04 02:52:38.451,0.16413,0.16443,0.02,0.02
2014.12.04 02:52:38.552,0.16413,0.16445,0.04,0.02
2014.12.04 02:52:44.160,0.16413,0.16446,0.02,0.02
2014.12.04 02:52:58.585,0.1641,0.16442,0.04,0.02
2014.12.04 02:52:59.319,0.16413,0.16443,0.02,0.02
2014.12.04 02:53:00.288,0.16413,0.16445,0.04,0.02
2014.12.04 02:53:03.138,0.16413,0.16446,0.02,0.02
2014.12.04 02:53:03.193,0.1641,0.16442,0.04,0.02
2014.12.04 02:53:08.716,0.16413,0.16445,0.04,0.02
2014.12.04 02:53:09.203,0.1641,0.16442,0.04,0.02
2014.12.04 02:53:18.745,0.1641,0.16442,0.02,0.02
2014.12.04 02:53:30.036,0.16409,0.16443,0.02,0.02
2014.12.04 02:53:38.808,0.16412,0.16443,0.02,0.02
2014.12.04 02:53:50.115,0.16412,0.16442,0.02,0.02
2014.12.04 02:54:04.502,0.16412,0.16444,0.02,0.02
2014.12.04 02:54:04.709,0.16412,0.16446,0.04,0.02
2014.12.04 02:54:05.206,0.16412,0.16444,0.02,0.02
2014.12.04 02:54:05.536,0.16412,0.16442,0.02,0.02
2014.12.04 02:54:05.709,0.16413,0.16445,0.02,0.02
2014.12.04 02:54:06.213,0.16412,0.16443,0.02,0.02
2014.12.04 02:54:08.521,0.16412,0.16444,0.02,0.02
2014.12.04 02:54:08.822,0.16412,0.16446,0.04,0.02
2014.12.04 02:54:19.242,0.16412,0.16443,0.02,0.02
2014.12.04 02:54:21.274,0.16412,0.16444,0.02,0.02
2014.12.04 02:54:21.374,0.16415,0.16446,0.02,0.02
2014.12.04 02:54:21.445,0.16418,0.1645,0.02,0.02
2014.12.04 02:54:21.646,0.16415,0.16449,0.04,0.02
2014.12.04 02:54:22.448,0.16416,0.16448,0.02,0.02
2014.12.04 02:54:25.304,0.16419,0.1645,0.02,0.02
2014.12.04 02:54:40.379,0.16419,0.16451,0.02,0.02
2014.12.04 02:55:04.520,0.16419,0.1645,0.02,0.02
2014.12.04 02:55:06.624,0.16419,0.16451,0.02,0.02
2014.12.04 02:55:07.343,0.16419,0.1645,0.02,0.02
2014.12.04 02:55:08.528,0.16419,0.16451,0.02,0.02
2014.12.04 02:55:15.038,0.16419,0.1645,0.02,0.02
2014.12.04 02:55:15.569,0.16419,0.16451,0.02,0.02
2014.12.04 02:55:16.258,0.16419,0.1645,0.02,0.02
2014.12.04 02:55:25.477,0.16418,0.1645,0.02,0.02
2014.12.04 02:55:32.093,0.16417,0.16451,0.02,0.02
2014.12.04 02:55:40.618,0.16418,0.1645,0.02,0.02
2014.12.04 02:55:41.119,0.16417,0.16451,0.02,0.02
2014.12.04 02:55:42.020,0.16418,0.1645,0.02,0.02
2014.12.04 02:55:43.022,0.16417,0.16451,0.02,0.02
2014.12.04 02:55:46.528,0.16418,0.1645,0.02,0.02
2014.12.04 02:55:47.531,0.16417,0.16451,0.02,0.02
2014.12.04 02:55:48.532,0.16418,0.1645,0.02,0.02
2014.12.04 02:55:49.060,0.16417,0.16451,0.02,0.02
2014.12.04 02:55:59.947,0.16421,0.16451,0.02,0.02
2014.12.04 02:56:00.167,0.16421,0.16453,0.02,0.02
2014.12.04 02:56:00.285,0.16421,0.16451,0.02,0.02
2014.12.04 02:56:00.960,0.16418,0.1645,0.04,0.02
2014.12.04 02:56:08.788,0.16421,0.16454,0.02,0.02
2014.12.04 02:56:08.889,0.16422,0.16456,0.02,0.02
2014.12.04 02:56:09.428,0.16423,0.16455,0.02,0.02
2014.12.04 02:56:13.822,0.16422,0.16456,0.04,0.02
2014.12.04 02:56:27.823,0.16421,0.16453,0.04,0.02
2014.12.04 02:56:28.201,0.16421,0.16451,0.02,0.02
2014.12.04 02:56:29.348,0.16418,0.1645,0.04,0.02
2014.12.04 02:56:33.134,0.16423,0.16454,0.02,0.02
2014.12.04 02:56:33.327,0.16423,0.16456,0.02,0.02
2014.12.04 02:56:33.919,0.16423,0.16455,0.04,0.02
2014.12.04 02:56:50.446,0.16422,0.16456,0.02,0.02
2014.12.04 02:56:50.633,0.16421,0.16451,0.02,0.02
2014.12.04 02:57:11.063,0.16418,0.1645,0.04,0.02
2014.12.04 02:57:29.278,0.16418,0.1645,0.04,0.02
2014.12.04 02:57:30.994,0.16418,0.16451,0.02,0.02
2014.12.04 02:57:33.196,0.1642,0.16451,0.02,0.02
2014.12.04 02:57:35.511,0.16417,0.16449,0.04,0.02
2014.12.04 02:57:35.661,0.16416,0.16447,0.02,0.02
2014.12.04 02:57:35.812,0.16413,0.16445,0.04,0.02
2014.12.04 02:58:11.608,0.16414,0.16446,0.04,0.02
2014.12.04 02:58:12.164,0.16415,0.16447,0.02,0.02
2014.12.04 02:58:14.595,0.16414,0.16446,0.04,0.02
2014.12.04 02:58:15.187,0.16419,0.16449,0.02,0.02
2014.12.04 02:58:15.655,0.16416,0.16449,0.02,0.02
2014.12.04 02:58:18.118,0.16417,0.16449,0.02,0.02
2014.12.04 02:58:18.224,0.16416,0.16447,0.02,0.02
2014.12.04 02:58:19.736,0.16419,0.1645,0.02,0.02
2014.12.04 02:58:20.346,0.16414,0.16448,0.04,0.02
2014.12.04 02:58:21.007,0.16414,0.16447,0.02,0.02
2014.12.04 02:58:21.739,0.16413,0.16445,0.04,0.02
2014.12.04 02:58:22.328,0.16413,0.16446,0.02,0.02
2014.12.04 02:58:29.317,0.16413,0.16445,0.04,0.02
2014.12.04 02:59:04.164,0.16416,0.16447,0.02,0.02
2014.12.04 02:59:08.234,0.16413,0.16445,0.02,0.02
2014.12.04 02:59:10.075,0.16412,0.16446,0.04,0.02
2014.12.04 02:59:12.014,0.16413,0.16445,0.02,0.02
2014.12.04 02:59:14.584,0.16412,0.16446,0.04,0.02
2014.12.04 02:59:18.690,0.16413,0.16445,0.02,0.02
2014.12.04 02:59:20.595,0.16412,0.16446,0.04,0.02
2014.12.04 02:59:22.095,0.16413,0.16445,0.02,0.02
2014.12.04 02:59:22.553,0.16416,0.16447,0.02,0.02
2014.12.04 02:59:26.614,0.16413,0.16445,0.04,0.02
2014.12.04 02:59:27.637,0.16413,0.16446,0.02,0.02
2014.12.04 02:59:28.157,0.16413,0.16445,0.04,0.02
2014.12.04 02:59:33.023,0.16415,0.16445,0.02,0.02
2014.12.04 02:59:33.536,0.16415,0.16446,0.02,0.02
2014.12.04 02:59:36.027,0.16415,0.16445,0.02,0.02
2014.12.04 02:59:37.093,0.16413,0.16445,0.02,0.02
2014.12.04 02:59:42.636,0.16416,0.16448,0.02,0.02
2014.12.04 02:59:46.663,0.16413,0.16445,0.04,0.02
2014.12.04 02:59:51.873,0.16413,0.16446,0.02,0.02
2014.12.04 02:59:54.480,0.16413,0.16445,0.04,0.02
2014.12.04 02:59:54.989,0.16413,0.16446,0.02,0.02
