2014.12.30 18:00:00.190,0.16279,0.16316,0.02,0.02
2014.12.30 18:00:03.103,0.16282,0.16319,0.02,0.02
2014.12.30 18:00:04.225,0.16279,0.16316,0.02,0.02
2014.12.30 18:00:05.317,0.16275,0.16314,0.02,0.02
2014.12.30 18:00:12.952,0.16273,0.1631,0.02,0.02
2014.12.30 18:00:13.549,0.16271,0.16308,0.02,0.02
2014.12.30 18:00:17.433,0.16272,0.16309,0.02,0.02
2014.12.30 18:00:17.634,0.16273,0.16312,0.04,0.02
2014.12.30 18:00:19.875,0.16273,0.1631,0.02,0.02
2014.12.30 18:00:20.482,0.16272,0.16309,0.02,0.02
2014.12.30 18:00:24.052,0.16273,0.16309,0.01,0.02
2014.12.30 18:00:24.614,0.16273,0.1631,0.02,0.02
2014.12.30 18:00:25.433,0.16274,0.16311,0.02,0.02
2014.12.30 18:00:26.494,0.16272,0.16311,0.02,0.02
2014.12.30 18:00:26.562,0.16271,0.16308,0.02,0.02
2014.12.30 18:00:27.483,0.16273,0.16312,0.03,0.02
2014.12.30 18:00:28.875,0.16273,0.16312,0.03,0.02
2014.12.30 18:00:29.504,0.16272,0.16309,0.02,0.02
2014.12.30 18:00:51.939,0.16271,0.16308,0.02,0.02
2014.12.30 18:00:52.039,0.16271,0.1631,0.02,0.03
2014.12.30 18:01:10.987,0.16271,0.1631,0.02,0.02
2014.12.30 18:01:11.087,0.16273,0.16312,0.02,0.02
2014.12.30 18:01:11.183,0.16276,0.16313,0.02,0.02
2014.12.30 18:01:18.001,0.16271,0.16308,0.02,0.02
2014.12.30 18:01:18.496,0.16271,0.1631,0.02,0.03
2014.12.30 18:01:22.104,0.1627,0.16309,0.02,0.02
2014.12.30 18:01:32.758,0.16269,0.16308,0.02,0.02
2014.12.30 18:01:32.826,0.16265,0.16304,0.02,0.02
2014.12.30 18:01:33.434,0.16267,0.16305,0.02,0.02
2014.12.30 18:01:33.534,0.16271,0.1631,0.02,0.04
2014.12.30 18:01:34.429,0.1627,0.16309,0.02,0.02
2014.12.30 18:01:35.344,0.1627,0.16307,0.02,0.02
2014.12.30 18:01:35.545,0.1627,0.16309,0.02,0.02
2014.12.30 18:01:35.645,0.16272,0.16309,0.02,0.02
2014.12.30 18:01:36.872,0.1627,0.16309,0.02,0.03
2014.12.30 18:01:44.348,0.16269,0.16308,0.02,0.02
2014.12.30 18:01:45.672,0.1627,0.16307,0.02,0.02
2014.12.30 18:01:45.773,0.16267,0.16304,0.02,0.02
2014.12.30 18:01:46.726,0.16267,0.16304,0.02,0.02
2014.12.30 18:01:47.342,0.16266,0.16303,0.02,0.02
2014.12.30 18:02:26.745,0.16266,0.16305,0.02,0.02
2014.12.30 18:02:27.247,0.16267,0.16306,0.02,0.02
2014.12.30 18:02:27.298,0.16267,0.16306,0.02,0.02
2014.12.30 18:02:28.006,0.16266,0.16305,0.02,0.02
2014.12.30 18:02:30.159,0.16266,0.16303,0.02,0.02
2014.12.30 18:02:34.778,0.16267,0.16304,0.02,0.02
2014.12.30 18:02:35.681,0.16265,0.16304,0.02,0.02
2014.12.30 18:02:40.847,0.16265,0.16304,0.02,0.02
2014.12.30 18:02:41.540,0.16268,0.16305,0.02,0.02
2014.12.30 18:02:43.835,0.16268,0.16307,0.02,0.02
2014.12.30 18:02:47.910,0.16267,0.16306,0.03,0.02
2014.12.30 18:02:48.420,0.16268,0.16307,0.03,0.02
2014.12.30 18:02:49.012,0.16268,0.16306,0.01,0.02
2014.12.30 18:02:49.795,0.16267,0.16306,0.03,0.02
2014.12.30 18:02:50.744,0.16268,0.16306,0.01,0.02
2014.12.30 18:02:50.915,0.16272,0.16309,0.02,0.03
2014.12.30 18:02:58.117,0.16271,0.16308,0.02,0.02
2014.12.30 18:03:03.124,0.16267,0.16305,0.01,0.02
2014.12.30 18:03:03.679,0.16268,0.16305,0.03,0.02
2014.12.30 18:03:05.048,0.16268,0.16307,0.02,0.02
2014.12.30 18:03:05.129,0.16271,0.16308,0.02,0.02
2014.12.30 18:03:05.930,0.16267,0.16306,0.03,0.02
2014.12.30 18:03:07.232,0.16269,0.16306,0.02,0.02
2014.12.30 18:03:08.134,0.16272,0.16309,0.02,0.02
2014.12.30 18:03:12.289,0.16273,0.16312,0.02,0.02
2014.12.30 18:03:12.390,0.16276,0.16313,0.02,0.02
2014.12.30 18:03:14.669,0.16276,0.16313,0.02,0.02
2014.12.30 18:03:15.233,0.16276,0.16313,0.02,0.02
2014.12.30 18:03:16.899,0.16276,0.16314,0.02,0.01
2014.12.30 18:03:20.567,0.16276,0.16314,0.02,0.01
2014.12.30 18:03:23.056,0.16276,0.16315,0.02,0.03
2014.12.30 18:03:23.560,0.16276,0.16314,0.02,0.01
2014.12.30 18:03:23.733,0.16276,0.16315,0.02,0.03
2014.12.30 18:03:29.810,0.16276,0.16314,0.02,0.01
2014.12.30 18:03:32.680,0.16278,0.16314,0.02,0.01
2014.12.30 18:03:32.781,0.16279,0.16316,0.02,0.02
2014.12.30 18:03:35.982,0.16281,0.16318,0.02,0.02
2014.12.30 18:03:36.361,0.16279,0.16316,0.02,0.02
2014.12.30 18:03:44.792,0.16281,0.16318,0.02,0.02
2014.12.30 18:03:53.230,0.16287,0.16324,0.02,0.04
2014.12.30 18:04:11.141,0.16288,0.16325,0.02,0.04
2014.12.30 18:04:11.357,0.16288,0.16327,0.02,0.02
2014.12.30 18:04:11.569,0.1629,0.16329,0.02,0.04
2014.12.30 18:04:29.253,0.16292,0.16329,0.02,0.02
2014.12.30 18:04:29.354,0.16292,0.16331,0.02,0.02
2014.12.30 18:04:29.754,0.16295,0.16334,0.02,0.04
2014.12.30 18:04:50.808,0.16296,0.16333,0.02,0.02
2014.12.30 18:04:57.047,0.16295,0.16332,0.02,0.02
2014.12.30 18:04:57.359,0.16293,0.1633,0.03,0.02
2014.12.30 18:05:00.220,0.16292,0.16331,0.03,0.02
2014.12.30 18:05:01.049,0.16293,0.16331,0.01,0.02
2014.12.30 18:05:01.149,0.1629,0.16329,0.02,0.04
2014.12.30 18:05:01.739,0.16287,0.16325,0.02,0.01
2014.12.30 18:05:01.840,0.16285,0.16324,0.02,0.03
2014.12.30 18:05:02.213,0.16283,0.16322,0.04,0.02
2014.12.30 18:05:08.352,0.16283,0.1632,0.02,0.02
2014.12.30 18:05:08.553,0.1628,0.16319,0.02,0.03
2014.12.30 18:05:10.560,0.16278,0.16316,0.01,0.02
2014.12.30 18:05:10.951,0.16277,0.16314,0.02,0.02
2014.12.30 18:05:11.376,0.16275,0.16314,0.02,0.02
2014.12.30 18:05:11.941,0.16276,0.16315,0.02,0.02
2014.12.30 18:05:14.352,0.16279,0.16316,0.02,0.02
2014.12.30 18:05:14.912,0.16278,0.16317,0.03,0.02
2014.12.30 18:05:16.338,0.16281,0.16318,0.02,0.02
2014.12.30 18:05:23.472,0.16282,0.16319,0.02,0.02
2014.12.30 18:05:28.600,0.16284,0.16321,0.02,0.02
2014.12.30 18:05:28.700,0.16281,0.1632,0.02,0.02
2014.12.30 18:05:29.055,0.16283,0.16321,0.01,0.02
2014.12.30 18:05:30.419,0.16282,0.16319,0.02,0.02
2014.12.30 18:05:32.116,0.1627,0.16309,0.02,0.03
2014.12.30 18:05:35.424,0.16272,0.16309,0.02,0.02
2014.12.30 18:05:36.032,0.16271,0.16308,0.02,0.02
2014.12.30 18:05:48.309,0.16272,0.16309,0.02,0.02
2014.12.30 18:06:00.280,0.16273,0.16311,0.01,0.02
2014.12.30 18:06:00.581,0.1627,0.16309,0.02,0.02
2014.12.30 18:06:01.765,0.16272,0.16309,0.02,0.02
2014.12.30 18:06:02.453,0.16271,0.16308,0.02,0.02
2014.12.30 18:06:04.890,0.16271,0.16308,0.02,0.02
2014.12.30 18:06:05.408,0.16272,0.16309,0.02,0.02
2014.12.30 18:06:05.543,0.16273,0.16312,0.02,0.02
2014.12.30 18:06:12.449,0.16278,0.16312,0.01,0.02
2014.12.30 18:06:12.500,0.16281,0.16318,0.02,0.02
2014.12.30 18:06:12.600,0.16279,0.16316,0.02,0.02
2014.12.30 18:06:15.792,0.1628,0.16319,0.02,0.04
2014.12.30 18:06:27.813,0.16279,0.16318,0.02,0.02
2014.12.30 18:06:27.864,0.16279,0.16309,0.02,0.02
2014.12.30 18:06:27.914,0.16271,0.16308,0.02,0.02
2014.12.30 18:06:28.464,0.16271,0.16309,0.02,0.01
2014.12.30 18:06:29.239,0.1627,0.16309,0.02,0.04
2014.12.30 18:06:29.810,0.16272,0.16309,0.01,0.02
2014.12.30 18:06:29.861,0.16273,0.16312,0.02,0.02
2014.12.30 18:06:30.012,0.16273,0.16312,0.02,0.02
2014.12.30 18:06:30.062,0.16271,0.16308,0.02,0.02
2014.12.30 18:06:43.265,0.1627,0.16307,0.02,0.02
2014.12.30 18:06:46.059,0.16271,0.16308,0.02,0.02
2014.12.30 18:06:58.100,0.16272,0.16311,0.02,0.02
2014.12.30 18:06:59.604,0.16271,0.16308,0.02,0.02
2014.12.30 18:06:59.918,0.16271,0.1631,0.02,0.02
2014.12.30 18:07:01.167,0.16272,0.1631,0.02,0.02
2014.12.30 18:07:01.218,0.16273,0.16312,0.02,0.02
2014.12.30 18:07:01.729,0.16271,0.16308,0.02,0.02
2014.12.30 18:07:10.868,0.16272,0.16309,0.02,0.02
2014.12.30 18:07:12.172,0.16273,0.1631,0.02,0.02
2014.12.30 18:07:12.478,0.16278,0.16315,0.02,0.02
2014.12.30 18:07:12.808,0.1628,0.16317,0.02,0.02
2014.12.30 18:07:13.468,0.16281,0.16317,0.02,0.02
2014.12.30 18:07:33.775,0.16281,0.16318,0.02,0.02
2014.12.30 18:07:37.497,0.16278,0.16317,0.02,0.02
2014.12.30 18:07:37.598,0.1628,0.16319,0.02,0.02
2014.12.30 18:07:39.693,0.16267,0.16304,0.02,0.03
2014.12.30 18:07:50.646,0.16268,0.16305,0.02,0.02
2014.12.30 18:07:50.747,0.16265,0.16304,0.02,0.02
2014.12.30 18:08:12.374,0.16267,0.16304,0.02,0.02
2014.12.30 18:08:13.872,0.16265,0.16304,0.02,0.02
2014.12.30 18:08:14.038,0.16267,0.16304,0.01,0.02
2014.12.30 18:08:14.089,0.16268,0.16307,0.02,0.02
2014.12.30 18:08:14.189,0.1627,0.16309,0.02,0.02
2014.12.30 18:08:28.495,0.16268,0.16304,0.01,0.02
2014.12.30 18:08:28.545,0.16265,0.16304,0.02,0.04
2014.12.30 18:08:48.616,0.16268,0.16304,0.01,0.02
2014.12.30 18:08:48.666,0.1627,0.16309,0.02,0.04
2014.12.30 18:09:06.048,0.1627,0.16307,0.02,0.02
2014.12.30 18:09:07.161,0.16268,0.16304,0.02,0.02
2014.12.30 18:09:07.275,0.16265,0.16304,0.02,0.04
2014.12.30 18:09:39.835,0.16263,0.16302,0.02,0.02
2014.12.30 18:09:40.197,0.16261,0.163,0.02,0.02
2014.12.30 18:09:40.517,0.16265,0.16304,0.02,0.04
2014.12.30 18:09:59.348,0.16265,0.16302,0.02,0.02
2014.12.30 18:09:59.771,0.16263,0.163,0.02,0.02
2014.12.30 18:10:08.241,0.16263,0.16302,0.02,0.02
2014.12.30 18:10:11.359,0.16263,0.163,0.03,0.02
2014.12.30 18:10:14.551,0.16264,0.16301,0.02,0.02
2014.12.30 18:10:14.958,0.16266,0.16303,0.02,0.02
2014.12.30 18:10:31.177,0.16266,0.16305,0.02,0.02
2014.12.30 18:10:34.945,0.16267,0.16305,0.01,0.02
2014.12.30 18:10:35.487,0.16267,0.16306,0.03,0.02
2014.12.30 18:10:35.565,0.1627,0.16307,0.02,0.02
2014.12.30 18:10:35.907,0.16267,0.16304,0.02,0.02
2014.12.30 18:10:36.420,0.16266,0.16303,0.02,0.02
2014.12.30 18:10:53.468,0.16266,0.16299,0.02,0.01
2014.12.30 18:10:53.518,0.16263,0.16299,0.02,0.01
2014.12.30 18:10:53.619,0.16265,0.16302,0.02,0.02
2014.12.30 18:10:53.719,0.16263,0.16301,0.01,0.02
2014.12.30 18:10:54.095,0.16265,0.16304,0.02,0.02
2014.12.30 18:10:54.696,0.16262,0.16301,0.03,0.02
2014.12.30 18:10:55.297,0.16265,0.16304,0.02,0.02
2014.12.30 18:10:55.998,0.16263,0.163,0.02,0.02
2014.12.30 18:10:56.699,0.16263,0.16302,0.02,0.02
2014.12.30 18:10:56.799,0.16265,0.16304,0.02,0.03
2014.12.30 18:10:59.351,0.16268,0.16307,0.02,0.02
2014.12.30 18:10:59.709,0.16267,0.16304,0.02,0.02
2014.12.30 18:11:00.134,0.16268,0.16306,0.01,0.02
2014.12.30 18:11:00.770,0.16267,0.16306,0.02,0.02
2014.12.30 18:11:00.955,0.16267,0.16304,0.02,0.02
2014.12.30 18:11:04.860,0.16267,0.16305,0.01,0.02
2014.12.30 18:11:04.960,0.16265,0.16304,0.02,0.02
2014.12.30 18:11:05.512,0.16266,0.16305,0.02,0.02
2014.12.30 18:11:06.015,0.16265,0.16304,0.02,0.02
2014.12.30 18:11:11.324,0.16267,0.16304,0.02,0.02
2014.12.30 18:11:12.032,0.16266,0.16303,0.02,0.02
2014.12.30 18:11:59.834,0.16265,0.16302,0.02,0.02
2014.12.30 18:12:00.395,0.16265,0.16304,0.02,0.02
2014.12.30 18:12:02.902,0.16266,0.16303,0.02,0.02
2014.12.30 18:12:04.117,0.16267,0.16304,0.02,0.02
2014.12.30 18:12:04.735,0.16266,0.16303,0.02,0.02
2014.12.30 18:12:20.362,0.16265,0.16304,0.02,0.02
2014.12.30 18:12:21.573,0.16266,0.16303,0.02,0.02
2014.12.30 18:12:24.063,0.16268,0.16304,0.02,0.02
2014.12.30 18:12:24.163,0.16269,0.16306,0.02,0.02
2014.12.30 18:12:25.259,0.16268,0.16305,0.03,0.02
2014.12.30 18:12:28.399,0.16274,0.16311,0.02,0.02
2014.12.30 18:12:28.499,0.16275,0.16314,0.02,0.04
2014.12.30 18:12:29.611,0.16277,0.16314,0.02,0.02
2014.12.30 18:12:30.172,0.16276,0.16313,0.02,0.02
2014.12.30 18:12:32.422,0.16277,0.16314,0.02,0.02
2014.12.30 18:12:40.005,0.16276,0.16313,0.02,0.02
2014.12.30 18:12:41.407,0.16273,0.16311,0.01,0.02
2014.12.30 18:12:42.101,0.16275,0.16314,0.02,0.03
2014.12.30 18:12:42.201,0.16274,0.16311,0.02,0.02
2014.12.30 18:12:42.924,0.16273,0.1631,0.03,0.02
2014.12.30 18:12:43.730,0.16271,0.16308,0.02,0.02
2014.12.30 18:12:48.300,0.16272,0.16308,0.01,0.02
2014.12.30 18:12:48.350,0.16275,0.16312,0.02,0.02
2014.12.30 18:12:48.920,0.16271,0.1631,0.02,0.02
2014.12.30 18:12:49.423,0.1627,0.16309,0.02,0.02
2014.12.30 18:12:50.007,0.16273,0.16309,0.01,0.02
2014.12.30 18:12:50.057,0.16276,0.16314,0.02,0.01
2014.12.30 18:12:50.314,0.16275,0.16312,0.02,0.02
2014.12.30 18:12:52.516,0.16276,0.16313,0.02,0.02
2014.12.30 18:12:53.217,0.16274,0.16313,0.02,0.02
2014.12.30 18:12:53.722,0.16275,0.16314,0.02,0.02
2014.12.30 18:12:58.833,0.16275,0.16312,0.02,0.02
2014.12.30 18:12:59.543,0.16273,0.16311,0.01,0.02
2014.12.30 18:13:00.039,0.16273,0.16309,0.01,0.02
2014.12.30 18:13:00.605,0.16273,0.1631,0.03,0.02
2014.12.30 18:13:01.094,0.16271,0.16308,0.02,0.02
2014.12.30 18:13:04.248,0.16271,0.1631,0.02,0.02
2014.12.30 18:13:04.838,0.16271,0.16308,0.02,0.02
2014.12.30 18:13:05.387,0.16272,0.16309,0.02,0.02
2014.12.30 18:13:17.556,0.16273,0.1631,0.02,0.02
2014.12.30 18:13:18.085,0.16276,0.16313,0.02,0.02
2014.12.30 18:13:21.071,0.16275,0.16314,0.02,0.03
2014.12.30 18:13:22.676,0.16272,0.1631,0.01,0.02
2014.12.30 18:13:25.002,0.1627,0.16309,0.02,0.03
2014.12.30 18:13:25.550,0.16271,0.16308,0.02,0.02
2014.12.30 18:13:25.601,0.16271,0.1631,0.02,0.02
2014.12.30 18:13:39.204,0.16273,0.1631,0.02,0.02
2014.12.30 18:13:39.389,0.16274,0.16313,0.02,0.02
2014.12.30 18:13:39.489,0.16272,0.16309,0.02,0.02
2014.12.30 18:13:39.713,0.16274,0.16313,0.02,0.02
2014.12.30 18:13:42.136,0.16272,0.16311,0.03,0.02
2014.12.30 18:13:42.693,0.16273,0.1631,0.02,0.02
2014.12.30 18:13:43.114,0.16276,0.16313,0.02,0.02
2014.12.30 18:13:45.602,0.16276,0.16315,0.02,0.03
2014.12.30 18:13:45.702,0.16276,0.16313,0.02,0.02
2014.12.30 18:13:47.333,0.16277,0.16314,0.02,0.02
2014.12.30 18:13:47.534,0.16275,0.16314,0.02,0.02
2014.12.30 18:13:47.706,0.16277,0.16314,0.02,0.02
2014.12.30 18:13:47.806,0.16275,0.16314,0.02,0.04
2014.12.30 18:13:48.944,0.16274,0.16312,0.02,0.02
2014.12.30 18:13:49.245,0.16271,0.16308,0.02,0.02
2014.12.30 18:13:51.418,0.16275,0.16312,0.02,0.02
2014.12.30 18:13:52.914,0.16276,0.16313,0.02,0.02
2014.12.30 18:13:53.562,0.16276,0.16313,0.02,0.02
2014.12.30 18:13:53.615,0.16276,0.16315,0.02,0.02
2014.12.30 18:13:54.303,0.16278,0.16315,0.01,0.02
2014.12.30 18:13:54.832,0.16278,0.16313,0.01,0.02
2014.12.30 18:13:54.933,0.16276,0.16313,0.02,0.02
2014.12.30 18:13:56.656,0.16275,0.16312,0.02,0.02
2014.12.30 18:13:57.822,0.16275,0.16314,0.02,0.03
2014.12.30 18:13:58.534,0.16274,0.16313,0.02,0.02
2014.12.30 18:13:59.037,0.16274,0.16311,0.02,0.02
2014.12.30 18:13:59.138,0.1627,0.16309,0.02,0.03
2014.12.30 18:13:59.735,0.16271,0.16308,0.02,0.02
2014.12.30 18:14:00.644,0.16267,0.16306,0.03,0.02
2014.12.30 18:14:00.845,0.1627,0.16309,0.02,0.02
2014.12.30 18:14:20.154,0.16272,0.16309,0.02,0.02
2014.12.30 18:14:20.493,0.16276,0.16313,0.02,0.02
2014.12.30 18:14:24.487,0.16275,0.16312,0.02,0.02
2014.12.30 18:14:32.370,0.16276,0.16313,0.02,0.02
2014.12.30 18:14:34.172,0.16275,0.16312,0.02,0.02
2014.12.30 18:14:35.786,0.16271,0.16308,0.02,0.02
2014.12.30 18:14:41.897,0.1627,0.16309,0.02,0.02
2014.12.30 18:14:43.497,0.16273,0.1631,0.02,0.02
2014.12.30 18:14:43.910,0.16274,0.16313,0.02,0.02
2014.12.30 18:14:57.401,0.16274,0.16311,0.02,0.02
2014.12.30 18:14:59.103,0.16275,0.16312,0.02,0.02
2014.12.30 18:15:00.713,0.16274,0.16311,0.02,0.02
2014.12.30 18:15:01.356,0.16275,0.16312,0.02,0.02
2014.12.30 18:15:03.354,0.16273,0.16312,0.02,0.02
2014.12.30 18:15:03.454,0.16271,0.16308,0.02,0.02
2014.12.30 18:15:13.127,0.16272,0.16309,0.02,0.02
2014.12.30 18:15:18.657,0.16271,0.16308,0.02,0.02
2014.12.30 18:15:23.448,0.16272,0.16309,0.02,0.02
2014.12.30 18:15:27.358,0.1627,0.16309,0.02,0.02
2014.12.30 18:15:27.963,0.16272,0.16309,0.02,0.02
2014.12.30 18:15:34.564,0.16275,0.16314,0.02,0.02
2014.12.30 18:15:36.061,0.16274,0.16313,0.02,0.02
2014.12.30 18:15:46.144,0.16274,0.16313,0.02,0.02
2014.12.30 18:15:46.244,0.16275,0.16314,0.02,0.02
2014.12.30 18:15:48.270,0.16277,0.16314,0.01,0.02
2014.12.30 18:15:48.827,0.16278,0.16314,0.01,0.02
2014.12.30 18:15:49.429,0.16275,0.16314,0.02,0.02
2014.12.30 18:15:49.930,0.16278,0.16315,0.01,0.02
2014.12.30 18:15:49.981,0.16278,0.16317,0.03,0.02
2014.12.30 18:15:53.219,0.16279,0.16318,0.02,0.02
2014.12.30 18:15:53.778,0.16278,0.16317,0.03,0.02
2014.12.30 18:15:55.890,0.16279,0.16318,0.02,0.02
2014.12.30 18:16:04.302,0.16279,0.16316,0.02,0.02
2014.12.30 18:16:12.112,0.1628,0.16317,0.02,0.02
2014.12.30 18:16:17.442,0.16278,0.16317,0.02,0.02
2014.12.30 18:16:19.863,0.16279,0.16318,0.02,0.02
2014.12.30 18:16:25.351,0.16279,0.16316,0.02,0.02
2014.12.30 18:16:28.444,0.1628,0.16317,0.02,0.02
2014.12.30 18:16:30.061,0.16278,0.16317,0.03,0.02
2014.12.30 18:16:34.176,0.1628,0.16317,0.02,0.02
2014.12.30 18:16:39.004,0.1628,0.16317,0.02,0.02
2014.12.30 18:16:39.686,0.16281,0.16318,0.02,0.02
2014.12.30 18:16:40.510,0.16282,0.16318,0.01,0.02
2014.12.30 18:16:40.676,0.16284,0.16321,0.02,0.02
2014.12.30 18:16:41.577,0.16284,0.16323,0.02,0.02
2014.12.30 18:16:43.870,0.16284,0.16323,0.02,0.02
2014.12.30 18:16:43.921,0.16289,0.16326,0.02,0.02
2014.12.30 18:16:44.021,0.16285,0.16324,0.02,0.02
2014.12.30 18:16:52.579,0.16285,0.16324,0.02,0.02
2014.12.30 18:16:54.071,0.16287,0.16324,0.03,0.02
2014.12.30 18:16:54.772,0.16288,0.16325,0.02,0.02
2014.12.30 18:17:00.359,0.16289,0.16328,0.02,0.02
2014.12.30 18:17:00.981,0.16288,0.16325,0.01,0.02
2014.12.30 18:17:01.335,0.1629,0.16327,0.02,0.02
2014.12.30 18:17:02.477,0.16287,0.16324,0.03,0.02
2014.12.30 18:17:10.469,0.1629,0.16327,0.02,0.02
2014.12.30 18:17:10.570,0.16287,0.16326,0.03,0.02
2014.12.30 18:17:12.542,0.16289,0.16328,0.02,0.02
2014.12.30 18:17:14.565,0.16287,0.16325,0.01,0.02
2014.12.30 18:17:14.882,0.16286,0.16323,0.02,0.02
2014.12.30 18:17:14.982,0.16283,0.16322,0.02,0.02
2014.12.30 18:17:15.469,0.16283,0.1632,0.02,0.02
2014.12.30 18:17:16.240,0.16282,0.1632,0.02,0.02
2014.12.30 18:17:16.290,0.16285,0.16324,0.02,0.02
2014.12.30 18:17:16.891,0.16284,0.16323,0.02,0.02
2014.12.30 18:17:19.298,0.16283,0.16319,0.01,0.02
2014.12.30 18:17:19.800,0.16282,0.16319,0.03,0.02
2014.12.30 18:17:20.249,0.16285,0.16322,0.02,0.02
2014.12.30 18:17:22.170,0.16288,0.16322,0.01,0.02
2014.12.30 18:17:22.321,0.16288,0.16325,0.01,0.02
2014.12.30 18:17:22.421,0.16286,0.16323,0.02,0.02
2014.12.30 18:17:22.486,0.16284,0.16323,0.02,0.02
2014.12.30 18:17:53.203,0.16284,0.16323,0.02,0.02
2014.12.30 18:17:53.605,0.16284,0.16323,0.02,0.02
2014.12.30 18:18:54.197,0.16287,0.16323,0.01,0.02
2014.12.30 18:18:54.298,0.16288,0.16325,0.02,0.02
2014.12.30 18:18:55.333,0.1629,0.16327,0.02,0.02
2014.12.30 18:19:00.982,0.1629,0.16324,0.02,0.01
2014.12.30 18:19:01.082,0.16284,0.16323,0.02,0.02
2014.12.30 18:19:01.372,0.16287,0.16326,0.02,0.02
2014.12.30 18:19:01.716,0.16288,0.16324,0.01,0.02
2014.12.30 18:19:01.816,0.16289,0.16328,0.02,0.02
2014.12.30 18:19:01.917,0.16287,0.16324,0.03,0.02
2014.12.30 18:19:02.218,0.16285,0.16322,0.02,0.02
2014.12.30 18:19:02.319,0.16285,0.16324,0.02,0.03
2014.12.30 18:19:02.419,0.16285,0.16322,0.02,0.02
2014.12.30 18:19:05.167,0.16288,0.16322,0.02,0.02
2014.12.30 18:19:05.217,0.16289,0.16328,0.02,0.02
2014.12.30 18:19:07.727,0.1629,0.16329,0.02,0.04
2014.12.30 18:19:07.777,0.16292,0.16329,0.01,0.02
2014.12.30 18:19:08.326,0.16293,0.1633,0.02,0.02
2014.12.30 18:19:10.736,0.16291,0.1633,0.02,0.02
2014.12.30 18:19:10.836,0.16289,0.16328,0.02,0.02
2014.12.30 18:19:22.544,0.1629,0.16329,0.02,0.02
2014.12.30 18:19:22.956,0.16291,0.1633,0.02,0.02
2014.12.30 18:19:23.427,0.16291,0.16328,0.02,0.02
2014.12.30 18:19:23.528,0.16289,0.16326,0.02,0.02
2014.12.30 18:19:24.551,0.16289,0.16328,0.02,0.02
2014.12.30 18:19:36.585,0.16289,0.16326,0.02,0.02
2014.12.30 18:19:48.219,0.1629,0.16329,0.02,0.02
2014.12.30 18:19:48.498,0.1629,0.16327,0.02,0.02
2014.12.30 18:20:10.667,0.16287,0.16324,0.04,0.02
2014.12.30 18:20:11.277,0.1629,0.16327,0.02,0.02
2014.12.30 18:20:11.337,0.16287,0.16326,0.03,0.02
2014.12.30 18:20:11.573,0.16286,0.16323,0.02,0.02
2014.12.30 18:20:12.086,0.16285,0.16322,0.02,0.02
2014.12.30 18:20:17.974,0.16287,0.16322,0.02,0.02
2014.12.30 18:20:18.075,0.16288,0.16325,0.04,0.02
2014.12.30 18:20:18.819,0.16285,0.16324,0.02,0.02
2014.12.30 18:20:19.456,0.16288,0.16327,0.02,0.02
2014.12.30 18:20:19.556,0.16287,0.16324,0.03,0.02
2014.12.30 18:20:20.141,0.16288,0.16324,0.01,0.02
2014.12.30 18:20:20.571,0.16289,0.16328,0.02,0.02
2014.12.30 18:20:27.469,0.16288,0.16324,0.01,0.02
2014.12.30 18:20:30.472,0.16287,0.16324,0.03,0.02
2014.12.30 18:20:32.977,0.16289,0.16328,0.02,0.02
2014.12.30 18:20:33.078,0.16288,0.16325,0.02,0.02
2014.12.30 18:20:41.091,0.16285,0.16324,0.02,0.02
2014.12.30 18:20:43.719,0.16285,0.16324,0.02,0.02
2014.12.30 18:20:45.698,0.16285,0.16324,0.02,0.02
2014.12.30 18:20:47.150,0.16287,0.16324,0.01,0.02
2014.12.30 18:20:51.246,0.16283,0.16322,0.02,0.02
2014.12.30 18:21:00.375,0.16282,0.16321,0.03,0.02
2014.12.30 18:21:00.425,0.16282,0.16319,0.02,0.02
2014.12.30 18:21:00.475,0.16278,0.16317,0.03,0.02
2014.12.30 18:21:02.164,0.16277,0.16315,0.01,0.02
2014.12.30 18:21:03.452,0.16278,0.16315,0.01,0.02
2014.12.30 18:21:04.062,0.1628,0.16317,0.02,0.02
2014.12.30 18:21:35.636,0.16281,0.16318,0.02,0.02
2014.12.30 18:21:35.737,0.16284,0.16323,0.02,0.02
2014.12.30 18:21:36.128,0.16284,0.16321,0.02,0.02
2014.12.30 18:21:36.711,0.16284,0.16323,0.02,0.02
2014.12.30 18:21:43.975,0.16287,0.16326,0.04,0.02
2014.12.30 18:21:46.041,0.16289,0.16328,0.02,0.02
2014.12.30 18:22:02.185,0.16287,0.16324,0.04,0.02
2014.12.30 18:22:02.285,0.16288,0.16327,0.02,0.02
2014.12.30 18:22:02.370,0.16287,0.16324,0.04,0.02
2014.12.30 18:22:02.893,0.1629,0.16327,0.02,0.02
2014.12.30 18:22:17.544,0.16284,0.16323,0.02,0.02
2014.12.30 18:22:31.410,0.16287,0.16323,0.01,0.02
2014.12.30 18:22:32.027,0.16287,0.16324,0.03,0.02
2014.12.30 18:22:32.563,0.16288,0.16324,0.01,0.02
2014.12.30 18:22:36.472,0.16287,0.16324,0.03,0.02
2014.12.30 18:22:37.384,0.16288,0.16324,0.01,0.02
2014.12.30 18:22:37.435,0.16289,0.16328,0.02,0.02
2014.12.30 18:22:37.535,0.16287,0.16326,0.03,0.02
2014.12.30 18:22:37.968,0.16289,0.16328,0.02,0.02
2014.12.30 18:22:43.540,0.16288,0.16324,0.01,0.02
2014.12.30 18:22:44.733,0.16287,0.16324,0.03,0.02
2014.12.30 18:22:44.845,0.16288,0.16326,0.02,0.02
2014.12.30 18:22:44.950,0.1629,0.16327,0.02,0.02
2014.12.30 18:22:46.652,0.16289,0.16326,0.02,0.02
2014.12.30 18:22:47.210,0.16287,0.16324,0.03,0.02
2014.12.30 18:22:47.455,0.16288,0.16327,0.03,0.02
2014.12.30 18:22:47.556,0.16288,0.16325,0.01,0.02
2014.12.30 18:22:50.391,0.16287,0.16325,0.01,0.02
2014.12.30 18:22:52.615,0.16288,0.16325,0.02,0.02
2014.12.30 18:22:53.198,0.16289,0.16326,0.02,0.02
2014.12.30 18:23:02.093,0.16287,0.16324,0.01,0.02
2014.12.30 18:23:02.143,0.16285,0.16324,0.02,0.02
2014.12.30 18:23:02.193,0.16284,0.16321,0.02,0.02
2014.12.30 18:23:02.485,0.16284,0.16323,0.02,0.02
2014.12.30 18:23:02.686,0.16284,0.16321,0.02,0.02
2014.12.30 18:23:03.090,0.16275,0.16312,0.02,0.02
2014.12.30 18:23:03.765,0.16276,0.16313,0.02,0.02
2014.12.30 18:23:04.476,0.16275,0.16312,0.02,0.02
2014.12.30 18:23:07.798,0.16273,0.1631,0.04,0.02
2014.12.30 18:23:08.414,0.16274,0.16313,0.02,0.02
2014.12.30 18:23:18.284,0.16277,0.16314,0.02,0.02
2014.12.30 18:23:18.335,0.16278,0.16316,0.01,0.02
2014.12.30 18:23:18.485,0.16275,0.16314,0.02,0.02
2014.12.30 18:23:18.586,0.16275,0.16314,0.02,0.02
2014.12.30 18:23:18.687,0.16275,0.16312,0.02,0.02
2014.12.30 18:23:32.753,0.1627,0.16307,0.02,0.02
2014.12.30 18:23:34.962,0.16273,0.16308,0.01,0.02
2014.12.30 18:23:35.014,0.16273,0.16312,0.03,0.02
2014.12.30 18:23:35.114,0.16273,0.1631,0.03,0.02
2014.12.30 18:23:35.486,0.16271,0.16308,0.02,0.02
2014.12.30 18:23:35.817,0.16274,0.16311,0.02,0.02
2014.12.30 18:23:36.560,0.16274,0.16313,0.02,0.02
2014.12.30 18:23:44.221,0.16277,0.16313,0.02,0.02
2014.12.30 18:23:44.271,0.16281,0.16318,0.02,0.02
2014.12.30 18:23:44.796,0.1628,0.16317,0.02,0.02
2014.12.30 18:23:48.182,0.16276,0.16309,0.02,0.01
2014.12.30 18:23:48.282,0.16268,0.16307,0.04,0.02
2014.12.30 18:23:48.834,0.1627,0.16307,0.02,0.02
2014.12.30 18:23:53.085,0.16268,0.16306,0.02,0.02
2014.12.30 18:23:55.191,0.16267,0.16305,0.02,0.02
2014.12.30 18:23:55.291,0.16265,0.16302,0.02,0.02
2014.12.30 18:23:55.543,0.16265,0.16304,0.02,0.02
2014.12.30 18:23:55.802,0.16268,0.16304,0.02,0.02
2014.12.30 18:23:55.852,0.1627,0.16307,0.02,0.02
2014.12.30 18:24:00.103,0.16273,0.16307,0.01,0.02
2014.12.30 18:24:00.153,0.16273,0.16311,0.01,0.02
2014.12.30 18:24:00.264,0.16271,0.1631,0.02,0.03
2014.12.30 18:24:00.364,0.16269,0.16308,0.02,0.02
2014.12.30 18:24:00.666,0.16273,0.1631,0.01,0.02
2014.12.30 18:24:00.823,0.16271,0.1631,0.02,0.02
2014.12.30 18:24:00.974,0.1627,0.16307,0.02,0.02
2014.12.30 18:24:02.153,0.16267,0.16306,0.04,0.02
2014.12.30 18:24:02.595,0.16269,0.16308,0.02,0.02
2014.12.30 18:24:02.898,0.16267,0.16306,0.04,0.02
2014.12.30 18:24:03.452,0.16268,0.16306,0.02,0.02
2014.12.30 18:24:04.764,0.1627,0.16307,0.02,0.02
2014.12.30 18:24:05.482,0.1627,0.163,0.02,0.02
2014.12.30 18:24:05.582,0.1626,0.16297,0.02,0.02
2014.12.30 18:24:05.683,0.16261,0.163,0.02,0.02
2014.12.30 18:24:05.758,0.1626,0.16297,0.02,0.02
2014.12.30 18:24:05.859,0.1626,0.16299,0.02,0.02
2014.12.30 18:24:05.909,0.16263,0.16299,0.01,0.02
2014.12.30 18:24:06.060,0.16259,0.16298,0.02,0.02
2014.12.30 18:24:06.160,0.16257,0.16295,0.02,0.02
2014.12.30 18:24:07.225,0.16258,0.16295,0.01,0.02
2014.12.30 18:24:07.275,0.16259,0.16298,0.02,0.02
2014.12.30 18:24:07.376,0.16258,0.16296,0.01,0.02
2014.12.30 18:24:07.999,0.16257,0.16296,0.03,0.02
2014.12.30 18:24:08.545,0.16258,0.16296,0.01,0.02
2014.12.30 18:24:09.155,0.16258,0.16295,0.03,0.02
2014.12.30 18:24:09.665,0.1626,0.16297,0.02,0.02
2014.12.30 18:24:10.187,0.16258,0.16296,0.01,0.02
2014.12.30 18:24:10.988,0.16259,0.16298,0.02,0.02
2014.12.30 18:24:12.068,0.16258,0.16296,0.01,0.02
2014.12.30 18:24:13.194,0.16259,0.16298,0.02,0.02
2014.12.30 18:24:13.611,0.16258,0.16295,0.03,0.02
2014.12.30 18:24:13.670,0.16259,0.16298,0.02,0.02
2014.12.30 18:24:18.569,0.16259,0.16295,0.02,0.01
2014.12.30 18:24:18.720,0.16255,0.16292,0.02,0.02
2014.12.30 18:24:19.115,0.16253,0.1629,0.01,0.02
2014.12.30 18:24:19.990,0.16252,0.1629,0.01,0.02
2014.12.30 18:24:21.310,0.16251,0.1629,0.02,0.02
2014.12.30 18:24:21.782,0.1625,0.16287,0.02,0.02
2014.12.30 18:24:22.119,0.16248,0.16285,0.04,0.02
2014.12.30 18:24:22.632,0.16249,0.16288,0.02,0.02
2014.12.30 18:24:22.685,0.16248,0.16285,0.04,0.02
2014.12.30 18:24:23.532,0.16247,0.16284,0.02,0.02
2014.12.30 18:24:23.582,0.16245,0.16284,0.02,0.02
2014.12.30 18:24:23.743,0.16248,0.16283,0.02,0.02
2014.12.30 18:24:23.793,0.16248,0.16286,0.02,0.02
2014.12.30 18:24:23.894,0.1625,0.16287,0.02,0.02
2014.12.30 18:24:24.522,0.16254,0.16289,0.02,0.02
2014.12.30 18:24:24.573,0.16254,0.16293,0.02,0.02
2014.12.30 18:24:24.796,0.16253,0.16289,0.01,0.02
2014.12.30 18:24:25.339,0.16249,0.16286,0.02,0.02
2014.12.30 18:24:27.543,0.16251,0.16288,0.02,0.02
2014.12.30 18:24:27.797,0.16254,0.16293,0.02,0.02
2014.12.30 18:24:28.118,0.16253,0.1629,0.04,0.02
2014.12.30 18:24:28.728,0.16254,0.16293,0.02,0.02
2014.12.30 18:24:29.243,0.16259,0.16298,0.02,0.02
2014.12.30 18:24:29.571,0.16263,0.163,0.04,0.02
2014.12.30 18:24:29.895,0.16265,0.16302,0.02,0.02
2014.12.30 18:24:30.333,0.16262,0.16299,0.04,0.02
2014.12.30 18:24:31.074,0.16263,0.16299,0.02,0.02
2014.12.30 18:24:31.311,0.16265,0.16302,0.02,0.02
2014.12.30 18:24:31.537,0.16263,0.16301,0.02,0.02
2014.12.30 18:24:31.838,0.16265,0.16302,0.02,0.02
2014.12.30 18:24:32.239,0.16262,0.163,0.02,0.02
2014.12.30 18:24:33.003,0.16263,0.163,0.02,0.02
2014.12.30 18:24:34.955,0.16265,0.16302,0.02,0.02
2014.12.30 18:24:35.416,0.16263,0.16299,0.02,0.02
2014.12.30 18:24:35.649,0.16261,0.16298,0.02,0.02
2014.12.30 18:24:35.750,0.16258,0.16295,0.02,0.02
2014.12.30 18:24:35.951,0.16259,0.16298,0.02,0.02
2014.12.30 18:24:36.252,0.16258,0.16296,0.01,0.02
2014.12.30 18:24:36.553,0.16259,0.16298,0.02,0.02
2014.12.30 18:24:36.654,0.16258,0.16294,0.01,0.02
2014.12.30 18:24:37.295,0.16257,0.16294,0.03,0.02
2014.12.30 18:24:37.758,0.16254,0.16293,0.02,0.02
2014.12.30 18:24:38.164,0.16253,0.16289,0.02,0.02
2014.12.30 18:24:38.560,0.16254,0.16293,0.02,0.02
2014.12.30 18:24:38.660,0.16253,0.1629,0.04,0.02
2014.12.30 18:24:39.161,0.16255,0.16292,0.02,0.02
2014.12.30 18:24:39.662,0.16253,0.1629,0.04,0.02
2014.12.30 18:24:40.071,0.16257,0.16296,0.02,0.02
2014.12.30 18:24:40.172,0.16256,0.16293,0.02,0.02
2014.12.30 18:24:40.925,0.16255,0.16292,0.02,0.02
2014.12.30 18:24:41.266,0.16257,0.16293,0.02,0.02
2014.12.30 18:24:41.367,0.1626,0.16297,0.02,0.02
2014.12.30 18:24:42.837,0.16258,0.16297,0.04,0.02
2014.12.30 18:24:44.180,0.16258,0.16294,0.02,0.02
2014.12.30 18:24:44.673,0.16259,0.16298,0.02,0.02
2014.12.30 18:24:44.774,0.16258,0.16295,0.04,0.02
2014.12.30 18:24:45.287,0.1626,0.16297,0.02,0.02
2014.12.30 18:24:45.901,0.1626,0.16295,0.02,0.02
2014.12.30 18:24:45.952,0.16254,0.16291,0.02,0.02
2014.12.30 18:24:46.177,0.16252,0.16291,0.03,0.02
2014.12.30 18:24:46.698,0.16253,0.16291,0.01,0.02
2014.12.30 18:24:47.078,0.16255,0.16292,0.02,0.02
2014.12.30 18:24:47.179,0.16249,0.16287,0.02,0.02
2014.12.30 18:24:47.454,0.16248,0.16284,0.04,0.02
2014.12.30 18:24:47.926,0.16246,0.16284,0.02,0.02
2014.12.30 18:24:48.077,0.16245,0.16281,0.02,0.02
2014.12.30 18:24:48.565,0.16242,0.1628,0.02,0.02
2014.12.30 18:24:48.666,0.16244,0.16283,0.02,0.02
2014.12.30 18:24:49.787,0.16242,0.16279,0.04,0.02
2014.12.30 18:24:50.495,0.16243,0.16279,0.02,0.02
2014.12.30 18:24:50.684,0.16245,0.16282,0.02,0.02
2014.12.30 18:24:50.861,0.16247,0.16282,0.02,0.02
2014.12.30 18:24:50.911,0.16247,0.16284,0.02,0.02
2014.12.30 18:24:51.012,0.1625,0.16287,0.02,0.02
2014.12.30 18:24:51.112,0.16255,0.16294,0.02,0.02
2014.12.30 18:24:51.213,0.16253,0.1629,0.02,0.02
2014.12.30 18:24:51.816,0.16251,0.16288,0.02,0.02
2014.12.30 18:24:52.006,0.16251,0.1629,0.02,0.02
2014.12.30 18:24:52.233,0.16249,0.16288,0.02,0.02
2014.12.30 18:24:53.112,0.16252,0.16289,0.01,0.02
2014.12.30 18:24:53.220,0.16253,0.16292,0.02,0.02
2014.12.30 18:24:53.320,0.16252,0.16289,0.03,0.02
2014.12.30 18:24:53.513,0.16253,0.16292,0.02,0.02
2014.12.30 18:24:54.115,0.16252,0.16291,0.02,0.02
2014.12.30 18:24:54.219,0.16251,0.16288,0.02,0.02
2014.12.30 18:24:54.690,0.16249,0.16288,0.02,0.02
2014.12.30 18:24:56.121,0.16248,0.16285,0.02,0.02
2014.12.30 18:24:57.226,0.1625,0.16287,0.02,0.02
2014.12.30 18:24:58.138,0.16248,0.16286,0.02,0.02
2014.12.30 18:24:58.831,0.16247,0.16286,0.02,0.02
2014.12.30 18:24:59.203,0.16249,0.16288,0.02,0.02
2014.12.30 18:24:59.688,0.16248,0.16286,0.02,0.02
2014.12.30 18:25:00.203,0.16247,0.16286,0.02,0.02
2014.12.30 18:25:01.243,0.16247,0.16284,0.02,0.02
2014.12.30 18:25:02.448,0.16245,0.16282,0.02,0.02
2014.12.30 18:25:02.549,0.16249,0.16288,0.02,0.02
2014.12.30 18:25:02.843,0.16245,0.16282,0.02,0.02
2014.12.30 18:25:06.922,0.16244,0.16283,0.02,0.02
2014.12.30 18:25:12.460,0.16243,0.16282,0.03,0.02
2014.12.30 18:25:13.118,0.16244,0.16283,0.02,0.02
2014.12.30 18:25:13.420,0.16242,0.1628,0.01,0.02
2014.12.30 18:25:15.439,0.16244,0.16283,0.02,0.02
2014.12.30 18:25:26.143,0.16247,0.16283,0.02,0.02
2014.12.30 18:25:26.193,0.1625,0.16287,0.02,0.02
2014.12.30 18:25:26.690,0.16248,0.16287,0.02,0.02
2014.12.30 18:25:33.606,0.16248,0.16285,0.02,0.03
2014.12.30 18:25:33.706,0.16244,0.16283,0.02,0.02
2014.12.30 18:25:40.622,0.16243,0.16282,0.03,0.02
2014.12.30 18:25:40.722,0.16241,0.1628,0.02,0.02
2014.12.30 18:25:41.925,0.16239,0.16278,0.02,0.02
2014.12.30 18:25:43.534,0.16237,0.16272,0.02,0.02
2014.12.30 18:25:43.584,0.16233,0.16269,0.02,0.01
2014.12.30 18:25:43.635,0.1623,0.16269,0.02,0.03
2014.12.30 18:25:43.685,0.16232,0.16269,0.01,0.02
2014.12.30 18:25:44.126,0.16229,0.16268,0.02,0.02
2014.12.30 18:25:44.226,0.16235,0.16272,0.02,0.02
2014.12.30 18:25:44.540,0.16229,0.16268,0.02,0.02
2014.12.30 18:25:44.691,0.16233,0.16268,0.02,0.02
2014.12.30 18:25:44.741,0.16233,0.16271,0.02,0.02
2014.12.30 18:25:44.842,0.16235,0.16272,0.02,0.02
2014.12.30 18:25:45.148,0.1623,0.16267,0.02,0.02
2014.12.30 18:25:45.480,0.16235,0.16272,0.02,0.02
2014.12.30 18:25:45.732,0.1623,0.16269,0.02,0.04
2014.12.30 18:25:45.832,0.16233,0.1627,0.01,0.02
2014.12.30 18:25:46.033,0.16234,0.16273,0.02,0.02
2014.12.30 18:25:46.134,0.16232,0.1627,0.01,0.02
2014.12.30 18:25:46.435,0.16229,0.16268,0.02,0.02
2014.12.30 18:25:46.536,0.16234,0.16273,0.02,0.02
2014.12.30 18:25:47.164,0.16229,0.16268,0.02,0.02
2014.12.30 18:25:47.683,0.16228,0.16265,0.02,0.02
2014.12.30 18:25:47.783,0.16226,0.16265,0.02,0.02
2014.12.30 18:25:47.884,0.16224,0.16263,0.02,0.02
2014.12.30 18:25:48.185,0.16233,0.1627,0.03,0.02
2014.12.30 18:25:48.759,0.16229,0.16268,0.02,0.02
2014.12.30 18:25:49.562,0.16225,0.16264,0.02,0.02
2014.12.30 18:25:49.864,0.16223,0.16262,0.04,0.02
2014.12.30 18:25:50.452,0.16223,0.16261,0.01,0.02
2014.12.30 18:25:51.691,0.16222,0.16259,0.02,0.02
2014.12.30 18:25:51.791,0.1622,0.16259,0.02,0.02
2014.12.30 18:25:52.050,0.1622,0.16257,0.02,0.02
2014.12.30 18:25:52.582,0.16221,0.16258,0.02,0.02
2014.12.30 18:25:53.104,0.1622,0.16259,0.02,0.02
2014.12.30 18:25:54.711,0.16223,0.16259,0.01,0.02
2014.12.30 18:25:55.124,0.1622,0.16259,0.02,0.02
2014.12.30 18:25:55.637,0.16219,0.16258,0.02,0.02
2014.12.30 18:25:55.788,0.16218,0.16255,0.03,0.02
2014.12.30 18:25:56.590,0.16219,0.16258,0.02,0.02
2014.12.30 18:25:59.704,0.16217,0.16254,0.03,0.02
2014.12.30 18:26:00.299,0.1622,0.16257,0.02,0.02
2014.12.30 18:26:00.600,0.16222,0.16259,0.03,0.02
2014.12.30 18:26:00.701,0.16222,0.16261,0.03,0.02
2014.12.30 18:26:01.117,0.16224,0.16263,0.02,0.02
2014.12.30 18:26:01.462,0.16231,0.16268,0.02,0.02
2014.12.30 18:26:02.033,0.16229,0.16268,0.02,0.02
2014.12.30 18:26:02.285,0.16229,0.16266,0.02,0.02
2014.12.30 18:26:02.589,0.16227,0.16264,0.03,0.02
2014.12.30 18:26:03.801,0.16228,0.16264,0.01,0.02
2014.12.30 18:26:05.118,0.16227,0.16264,0.03,0.02
2014.12.30 18:26:07.006,0.16228,0.16265,0.02,0.02
2014.12.30 18:26:07.402,0.16228,0.16263,0.01,0.02
2014.12.30 18:26:07.452,0.16224,0.16263,0.02,0.03
2014.12.30 18:26:07.502,0.1622,0.16257,0.02,0.02
2014.12.30 18:26:07.832,0.16221,0.16258,0.02,0.02
2014.12.30 18:26:08.351,0.16221,0.16258,0.02,0.02
2014.12.30 18:26:08.886,0.16222,0.16258,0.01,0.02
2014.12.30 18:26:08.936,0.16222,0.1626,0.01,0.02
2014.12.30 18:26:10.166,0.16223,0.1626,0.01,0.02
2014.12.30 18:26:10.389,0.16221,0.1626,0.02,0.02
2014.12.30 18:26:10.439,0.16221,0.16258,0.02,0.02
2014.12.30 18:26:11.433,0.16219,0.16258,0.02,0.02
2014.12.30 18:26:12.148,0.16217,0.16254,0.02,0.02
2014.12.30 18:26:12.501,0.16215,0.16252,0.02,0.02
2014.12.30 18:26:18.149,0.16213,0.1625,0.02,0.02
2014.12.30 18:26:18.506,0.16215,0.16252,0.02,0.02
2014.12.30 18:26:20.591,0.16218,0.16255,0.02,0.02
2014.12.30 18:26:20.691,0.16215,0.16254,0.02,0.02
2014.12.30 18:26:21.880,0.16218,0.16255,0.02,0.02
2014.12.30 18:26:21.981,0.16221,0.1626,0.02,0.02
2014.12.30 18:26:22.082,0.16223,0.16262,0.02,0.02
2014.12.30 18:26:22.565,0.16225,0.16262,0.02,0.02
2014.12.30 18:26:24.562,0.16222,0.16259,0.02,0.02
2014.12.30 18:26:24.663,0.16219,0.16258,0.02,0.02
2014.12.30 18:26:33.349,0.16219,0.16254,0.02,0.01
2014.12.30 18:26:33.499,0.16215,0.16252,0.02,0.02
2014.12.30 18:26:36.987,0.16213,0.16251,0.01,0.02
2014.12.30 18:26:37.547,0.16212,0.16251,0.03,0.02
2014.12.30 18:26:42.202,0.16214,0.16253,0.02,0.02
2014.12.30 18:26:59.728,0.16212,0.16251,0.03,0.02
2014.12.30 18:27:00.212,0.1621,0.16247,0.02,0.02
2014.12.30 18:27:00.535,0.16213,0.16249,0.02,0.01
2014.12.30 18:27:00.585,0.16213,0.16252,0.02,0.02
2014.12.30 18:27:00.636,0.16212,0.1625,0.01,0.02
2014.12.30 18:27:01.202,0.16211,0.16248,0.02,0.02
2014.12.30 18:27:05.543,0.16211,0.1625,0.02,0.02
2014.12.30 18:27:05.659,0.16214,0.16253,0.02,0.02
2014.12.30 18:27:09.689,0.16215,0.16254,0.02,0.02
2014.12.30 18:27:09.739,0.16215,0.16254,0.02,0.02
2014.12.30 18:27:09.840,0.16215,0.16254,0.02,0.02
2014.12.30 18:27:10.091,0.16215,0.16252,0.02,0.02
2014.12.30 18:27:13.556,0.16215,0.16252,0.02,0.02
2014.12.30 18:27:14.077,0.16216,0.16253,0.02,0.02
2014.12.30 18:27:14.662,0.16215,0.16252,0.02,0.02
2014.12.30 18:27:14.712,0.16215,0.16252,0.02,0.02
2014.12.30 18:27:19.834,0.16217,0.16252,0.01,0.02
2014.12.30 18:27:19.885,0.16217,0.16255,0.01,0.02
2014.12.30 18:27:20.083,0.16219,0.16258,0.02,0.02
2014.12.30 18:27:24.759,0.16219,0.16255,0.02,0.02
2014.12.30 18:27:24.809,0.16211,0.1625,0.02,0.02
2014.12.30 18:27:24.910,0.1621,0.16247,0.02,0.02
2014.12.30 18:27:25.239,0.16215,0.16252,0.02,0.02
2014.12.30 18:27:26.113,0.16217,0.16256,0.02,0.02
2014.12.30 18:27:26.229,0.16215,0.16254,0.02,0.02
2014.12.30 18:27:34.945,0.16214,0.16253,0.02,0.02
2014.12.30 18:27:35.664,0.16212,0.16251,0.04,0.02
2014.12.30 18:27:36.197,0.16215,0.16252,0.02,0.02
2014.12.30 18:27:36.568,0.16213,0.1625,0.04,0.02
2014.12.30 18:27:37.122,0.16214,0.16253,0.02,0.02
2014.12.30 18:27:38.123,0.16214,0.1625,0.02,0.01
2014.12.30 18:27:38.227,0.16208,0.16247,0.02,0.02
2014.12.30 18:27:38.327,0.16213,0.16247,0.01,0.02
2014.12.30 18:27:38.428,0.16213,0.16249,0.01,0.02
2014.12.30 18:27:38.528,0.16212,0.16251,0.03,0.02
2014.12.30 18:27:38.727,0.16215,0.16252,0.02,0.02
2014.12.30 18:27:41.250,0.16213,0.16252,0.02,0.02
2014.12.30 18:27:41.635,0.16212,0.16249,0.03,0.02
2014.12.30 18:27:42.136,0.16213,0.16252,0.03,0.02
2014.12.30 18:27:42.237,0.16213,0.16249,0.01,0.02
2014.12.30 18:27:44.704,0.16212,0.16249,0.03,0.02
2014.12.30 18:27:46.579,0.1621,0.16249,0.02,0.02
2014.12.30 18:27:47.570,0.16212,0.16249,0.03,0.02
2014.12.30 18:27:47.857,0.16212,0.16251,0.02,0.02
2014.12.30 18:27:47.957,0.16211,0.16248,0.02,0.02
2014.12.30 18:27:48.459,0.16211,0.16248,0.02,0.02
2014.12.30 18:27:48.789,0.16211,0.16248,0.02,0.02
2014.12.30 18:27:49.399,0.1621,0.16247,0.02,0.02
2014.12.30 18:28:04.561,0.16209,0.16246,0.02,0.02
2014.12.30 18:28:04.614,0.16208,0.16244,0.01,0.02
2014.12.30 18:28:04.715,0.16209,0.16246,0.02,0.02
2014.12.30 18:28:10.222,0.16208,0.16245,0.03,0.02
2014.12.30 18:28:10.915,0.16205,0.16244,0.02,0.02
2014.12.30 18:28:11.525,0.16209,0.16246,0.02,0.02
2014.12.30 18:28:12.126,0.16208,0.16245,0.02,0.02
2014.12.30 18:28:12.327,0.16208,0.16247,0.02,0.02
2014.12.30 18:28:12.428,0.16207,0.16244,0.02,0.02
2014.12.30 18:28:12.727,0.16205,0.16244,0.02,0.02
2014.12.30 18:28:12.814,0.16208,0.16244,0.01,0.02
2014.12.30 18:28:12.864,0.16208,0.16247,0.03,0.02
2014.12.30 18:28:13.378,0.16208,0.16246,0.01,0.02
2014.12.30 18:28:13.529,0.16206,0.16243,0.02,0.02
2014.12.30 18:28:14.029,0.16208,0.16243,0.01,0.02
2014.12.30 18:28:14.130,0.16208,0.16247,0.03,0.02
2014.12.30 18:28:16.638,0.16208,0.16245,0.02,0.02
2014.12.30 18:28:16.739,0.16195,0.16233,0.02,0.02
2014.12.30 18:28:17.040,0.16197,0.16234,0.02,0.02
2014.12.30 18:28:17.141,0.16198,0.16237,0.03,0.02
2014.12.30 18:28:17.573,0.16198,0.16235,0.02,0.02
2014.12.30 18:28:20.439,0.16199,0.16236,0.02,0.02
2014.12.30 18:28:29.813,0.16199,0.16234,0.02,0.01
2014.12.30 18:28:29.864,0.16195,0.16232,0.02,0.02
2014.12.30 18:28:31.498,0.16193,0.1623,0.02,0.02
2014.12.30 18:28:31.963,0.16194,0.16233,0.02,0.02
2014.12.30 18:28:32.164,0.1619,0.16227,0.02,0.02
2014.12.30 18:28:35.582,0.16188,0.16224,0.02,0.01
2014.12.30 18:28:35.683,0.16185,0.16222,0.02,0.02
2014.12.30 18:28:36.991,0.16185,0.16224,0.02,0.03
2014.12.30 18:28:37.091,0.16183,0.1622,0.04,0.02
2014.12.30 18:28:37.492,0.16183,0.1622,0.04,0.02
2014.12.30 18:28:37.593,0.16188,0.16224,0.02,0.02
2014.12.30 18:28:37.693,0.16187,0.16226,0.03,0.02
2014.12.30 18:28:37.775,0.16189,0.16228,0.02,0.02
2014.12.30 18:28:38.888,0.16192,0.1623,0.02,0.01
2014.12.30 18:28:39.198,0.16194,0.16231,0.02,0.02
2014.12.30 18:28:39.299,0.16192,0.1623,0.01,0.02
2014.12.30 18:28:39.499,0.16194,0.16233,0.02,0.02
2014.12.30 18:28:42.408,0.16195,0.16234,0.02,0.02
2014.12.30 18:28:42.458,0.16195,0.16234,0.02,0.02
2014.12.30 18:28:42.509,0.16199,0.16236,0.02,0.02
2014.12.30 18:28:42.815,0.16194,0.16233,0.02,0.02
2014.12.30 18:28:44.555,0.16197,0.16233,0.01,0.02
2014.12.30 18:28:44.605,0.16197,0.16236,0.03,0.02
2014.12.30 18:28:44.706,0.162,0.16237,0.02,0.02
2014.12.30 18:28:44.807,0.16188,0.16227,0.02,0.02
2014.12.30 18:28:44.907,0.16185,0.16222,0.02,0.02
2014.12.30 18:28:45.487,0.16187,0.16222,0.02,0.02
2014.12.30 18:28:45.638,0.16189,0.16228,0.02,0.02
2014.12.30 18:28:46.069,0.16192,0.16228,0.02,0.02
2014.12.30 18:28:46.119,0.16193,0.1623,0.02,0.02
2014.12.30 18:28:46.220,0.16196,0.16233,0.02,0.02
2014.12.30 18:28:46.778,0.16197,0.16233,0.02,0.02
2014.12.30 18:28:46.828,0.16197,0.16235,0.02,0.02
2014.12.30 18:28:46.929,0.162,0.16239,0.02,0.03
2014.12.30 18:28:48.742,0.16199,0.16238,0.02,0.02
2014.12.30 18:28:49.706,0.162,0.16239,0.02,0.02
2014.12.30 18:28:51.258,0.16202,0.16239,0.02,0.02
2014.12.30 18:28:51.818,0.162,0.16237,0.02,0.02
2014.12.30 18:28:53.297,0.16202,0.16237,0.01,0.02
2014.12.30 18:28:53.348,0.16205,0.16242,0.02,0.02
2014.12.30 18:28:57.163,0.162,0.16237,0.02,0.02
2014.12.30 18:28:57.858,0.16194,0.16233,0.02,0.02
2014.12.30 18:28:58.358,0.16195,0.16234,0.02,0.02
2014.12.30 18:28:58.947,0.16198,0.16235,0.02,0.02
2014.12.30 18:28:59.977,0.16197,0.16234,0.02,0.02
2014.12.30 18:29:00.329,0.16195,0.16232,0.02,0.02
2014.12.30 18:29:00.479,0.16198,0.16236,0.01,0.02
2014.12.30 18:29:00.580,0.16199,0.16238,0.02,0.02
2014.12.30 18:29:01.082,0.16203,0.16238,0.02,0.02
2014.12.30 18:29:01.183,0.16204,0.16243,0.02,0.02
2014.12.30 18:29:02.086,0.16208,0.16243,0.01,0.02
2014.12.30 18:29:02.186,0.16208,0.16246,0.01,0.02
2014.12.30 18:29:02.506,0.16209,0.16248,0.02,0.02
2014.12.30 18:29:04.094,0.16209,0.16246,0.02,0.02
2014.12.30 18:29:04.244,0.16206,0.16245,0.02,0.02
2014.12.30 18:29:04.345,0.16208,0.16245,0.01,0.02
2014.12.30 18:29:04.496,0.16209,0.16248,0.02,0.02
2014.12.30 18:29:05.115,0.16208,0.16247,0.03,0.02
2014.12.30 18:29:05.216,0.16208,0.16244,0.01,0.02
2014.12.30 18:29:05.316,0.16208,0.16247,0.02,0.02
2014.12.30 18:29:05.621,0.16206,0.16245,0.02,0.02
2014.12.30 18:29:06.125,0.16206,0.16243,0.02,0.02
2014.12.30 18:29:06.225,0.16205,0.16242,0.02,0.02
2014.12.30 18:29:06.752,0.16204,0.16243,0.02,0.02
2014.12.30 18:29:07.650,0.16204,0.1624,0.02,0.01
2014.12.30 18:29:07.700,0.16202,0.16239,0.02,0.02
2014.12.30 18:29:07.801,0.16199,0.16236,0.02,0.02
2014.12.30 18:29:08.012,0.16199,0.16238,0.02,0.02
2014.12.30 18:29:08.566,0.162,0.16237,0.02,0.02
2014.12.30 18:29:09.627,0.16199,0.16238,0.02,0.02
2014.12.30 18:29:10.174,0.162,0.16237,0.02,0.02
2014.12.30 18:29:10.275,0.16196,0.16235,0.02,0.02
2014.12.30 18:29:10.325,0.16194,0.16233,0.02,0.02
2014.12.30 18:29:13.938,0.16193,0.16232,0.02,0.02
2014.12.30 18:29:14.302,0.1619,0.16227,0.02,0.02
2014.12.30 18:29:19.962,0.16189,0.16226,0.02,0.02
2014.12.30 18:29:20.572,0.16188,0.16225,0.01,0.02
2014.12.30 18:29:20.953,0.16185,0.16222,0.02,0.02
2014.12.30 18:29:25.703,0.16185,0.1622,0.02,0.01
2014.12.30 18:29:25.804,0.1618,0.16217,0.02,0.02
2014.12.30 18:29:26.157,0.16183,0.1622,0.02,0.03
2014.12.30 18:29:26.258,0.16184,0.16223,0.02,0.02
2014.12.30 18:29:26.707,0.16189,0.16225,0.02,0.01
2014.12.30 18:29:27.223,0.16188,0.16225,0.02,0.02
2014.12.30 18:29:27.274,0.16189,0.16228,0.02,0.02
2014.12.30 18:29:27.423,0.16192,0.16228,0.01,0.02
2014.12.30 18:29:27.474,0.16195,0.16232,0.02,0.02
2014.12.30 18:29:27.674,0.16193,0.16231,0.01,0.02
2014.12.30 18:29:27.778,0.1619,0.16229,0.02,0.02
2014.12.30 18:29:27.934,0.16189,0.16228,0.02,0.02
2014.12.30 18:29:29.121,0.16193,0.1623,0.02,0.02
2014.12.30 18:29:29.483,0.16191,0.16228,0.02,0.02
2014.12.30 18:29:29.803,0.16195,0.16234,0.02,0.03
2014.12.30 18:29:30.181,0.16199,0.16236,0.02,0.02
2014.12.30 18:29:30.306,0.162,0.16237,0.02,0.02
2014.12.30 18:29:30.407,0.16198,0.16237,0.03,0.02
2014.12.30 18:29:30.507,0.16196,0.16235,0.02,0.02
2014.12.30 18:29:30.826,0.16194,0.16233,0.02,0.02
2014.12.30 18:29:31.685,0.16192,0.16228,0.01,0.02
2014.12.30 18:29:31.886,0.16195,0.16232,0.02,0.02
2014.12.30 18:29:32.127,0.16188,0.16227,0.02,0.02
2014.12.30 18:29:32.589,0.1619,0.16229,0.02,0.03
2014.12.30 18:29:32.935,0.16184,0.16223,0.02,0.02
2014.12.30 18:29:33.243,0.16189,0.16228,0.02,0.02
2014.12.30 18:29:34.597,0.16193,0.16232,0.02,0.02
2014.12.30 18:29:35.451,0.16189,0.16228,0.02,0.02
2014.12.30 18:29:36.135,0.16189,0.16226,0.02,0.02
2014.12.30 18:29:36.627,0.16185,0.16222,0.02,0.02
2014.12.30 18:29:36.906,0.16185,0.16224,0.02,0.02
2014.12.30 18:29:37.812,0.16188,0.16225,0.02,0.02
2014.12.30 18:29:37.913,0.16184,0.16223,0.02,0.02
2014.12.30 18:29:39.276,0.16184,0.16223,0.02,0.02
2014.12.30 18:29:40.045,0.16187,0.16223,0.02,0.02
2014.12.30 18:29:40.249,0.16184,0.16223,0.02,0.02
2014.12.30 18:29:41.740,0.16185,0.16222,0.02,0.02
2014.12.30 18:29:45.045,0.16184,0.16223,0.02,0.02
2014.12.30 18:29:47.027,0.16184,0.16223,0.02,0.02
2014.12.30 18:29:47.547,0.16188,0.16224,0.01,0.02
2014.12.30 18:29:47.974,0.1619,0.16227,0.02,0.02
2014.12.30 18:29:50.586,0.16187,0.16224,0.03,0.02
2014.12.30 18:29:50.787,0.16184,0.16223,0.02,0.02
2014.12.30 18:29:51.242,0.16188,0.16223,0.01,0.02
2014.12.30 18:29:51.393,0.16187,0.16225,0.01,0.02
2014.12.30 18:29:51.494,0.16186,0.16223,0.02,0.02
2014.12.30 18:29:51.595,0.16189,0.16228,0.02,0.02
2014.12.30 18:29:52.917,0.16193,0.16229,0.02,0.02
2014.12.30 18:29:53.018,0.16196,0.16233,0.02,0.02
2014.12.30 18:29:53.575,0.16195,0.16232,0.02,0.02
2014.12.30 18:29:54.300,0.16194,0.16229,0.02,0.01
2014.12.30 18:29:54.401,0.16189,0.16228,0.02,0.02
2014.12.30 18:29:54.889,0.16192,0.16229,0.02,0.02
2014.12.30 18:29:54.939,0.16193,0.16231,0.01,0.02
2014.12.30 18:29:54.990,0.16195,0.16232,0.02,0.02
2014.12.30 18:29:55.334,0.1619,0.16227,0.02,0.02
2014.12.30 18:29:55.707,0.16193,0.16227,0.01,0.02
2014.12.30 18:29:55.808,0.16193,0.16231,0.01,0.02
2014.12.30 18:29:55.909,0.16195,0.16232,0.02,0.02
2014.12.30 18:29:56.612,0.1619,0.16227,0.02,0.02
2014.12.30 18:30:00.175,0.16193,0.16227,0.01,0.02
2014.12.30 18:30:00.225,0.16195,0.16234,0.02,0.03
2014.12.30 18:30:00.326,0.16191,0.16228,0.02,0.02
2014.12.30 18:30:01.287,0.16191,0.16228,0.02,0.02
2014.12.30 18:30:02.100,0.16191,0.16228,0.02,0.02
2014.12.30 18:30:04.021,0.16191,0.16228,0.02,0.02
2014.12.30 18:30:05.136,0.16191,0.16228,0.02,0.02
2014.12.30 18:30:06.822,0.16192,0.16231,0.02,0.02
2014.12.30 18:30:07.238,0.16189,0.16228,0.02,0.02
2014.12.30 18:30:07.819,0.16192,0.16231,0.02,0.02
2014.12.30 18:30:08.120,0.16189,0.16228,0.02,0.02
2014.12.30 18:30:12.853,0.16187,0.16224,0.03,0.02
2014.12.30 18:30:13.241,0.16189,0.16228,0.02,0.02
2014.12.30 18:30:13.456,0.16188,0.16225,0.01,0.02
2014.12.30 18:30:14.069,0.16187,0.16225,0.01,0.02
2014.12.30 18:30:14.703,0.16188,0.16225,0.01,0.02
2014.12.30 18:30:15.205,0.16187,0.16225,0.01,0.02
2014.12.30 18:30:16.949,0.16188,0.16225,0.01,0.02
2014.12.30 18:30:17.360,0.1619,0.16227,0.02,0.02
2014.12.30 18:30:19.380,0.16192,0.16231,0.02,0.02
2014.12.30 18:30:19.480,0.1619,0.16229,0.02,0.02
2014.12.30 18:30:19.995,0.1619,0.16229,0.02,0.02
2014.12.30 18:30:20.553,0.16195,0.16232,0.02,0.02
2014.12.30 18:30:40.696,0.16196,0.16233,0.02,0.02
2014.12.30 18:30:40.797,0.162,0.16237,0.02,0.02
2014.12.30 18:30:48.084,0.16199,0.16236,0.02,0.02
2014.12.30 18:30:48.385,0.16195,0.16232,0.02,0.02
2014.12.30 18:30:48.436,0.16196,0.16235,0.02,0.02
2014.12.30 18:30:49.017,0.16195,0.16234,0.02,0.02
2014.12.30 18:30:49.637,0.16194,0.1623,0.02,0.01
2014.12.30 18:30:49.738,0.1619,0.16227,0.02,0.02
2014.12.30 18:30:49.947,0.1619,0.16229,0.02,0.02
2014.12.30 18:30:50.527,0.16189,0.16228,0.02,0.02
2014.12.30 18:31:01.081,0.16191,0.16228,0.02,0.02
2014.12.30 18:31:01.181,0.16193,0.16232,0.02,0.02
2014.12.30 18:31:01.282,0.16195,0.16234,0.02,0.03
2014.12.30 18:31:02.388,0.16199,0.16234,0.02,0.01
2014.12.30 18:31:02.438,0.16199,0.16237,0.02,0.02
2014.12.30 18:31:05.958,0.16199,0.16235,0.02,0.02
2014.12.30 18:31:06.008,0.16194,0.16233,0.02,0.02
2014.12.30 18:31:20.702,0.16195,0.16233,0.02,0.02
2014.12.30 18:31:21.318,0.16194,0.16231,0.02,0.02
2014.12.30 18:31:21.853,0.16193,0.1623,0.02,0.02
2014.12.30 18:31:21.954,0.16193,0.16232,0.02,0.02
2014.12.30 18:31:23.409,0.16194,0.16233,0.02,0.02
2014.12.30 18:31:23.510,0.16196,0.16233,0.02,0.02
2014.12.30 18:31:43.766,0.16194,0.16233,0.02,0.02
2014.12.30 18:31:54.794,0.162,0.16237,0.02,0.02
2014.12.30 18:31:57.302,0.16199,0.16236,0.02,0.02
2014.12.30 18:31:58.897,0.16197,0.16235,0.01,0.02
2014.12.30 18:32:00.468,0.16198,0.16235,0.01,0.02
2014.12.30 18:32:00.801,0.16199,0.16238,0.02,0.02
2014.12.30 18:32:01.359,0.162,0.16237,0.02,0.02
2014.12.30 18:32:03.136,0.16196,0.16233,0.02,0.02
2014.12.30 18:32:03.673,0.16196,0.16233,0.02,0.02
2014.12.30 18:32:05.370,0.16198,0.16233,0.02,0.02
2014.12.30 18:32:05.420,0.16199,0.16235,0.02,0.02
2014.12.30 18:32:05.513,0.16201,0.16238,0.02,0.02
2014.12.30 18:32:06.819,0.16203,0.1624,0.02,0.02
2014.12.30 18:32:07.300,0.162,0.16237,0.02,0.02
2014.12.30 18:32:39.792,0.16198,0.16237,0.02,0.02
2014.12.30 18:32:43.505,0.16195,0.16232,0.02,0.02
2014.12.30 18:32:44.037,0.16195,0.16234,0.02,0.02
2014.12.30 18:32:45.307,0.16194,0.16233,0.02,0.02
2014.12.30 18:32:59.575,0.16196,0.16233,0.02,0.02
2014.12.30 18:33:08.775,0.16198,0.16237,0.02,0.02
2014.12.30 18:33:08.837,0.16194,0.16233,0.02,0.02
2014.12.30 18:33:12.168,0.16198,0.16235,0.01,0.02
2014.12.30 18:33:12.241,0.16199,0.16238,0.02,0.02
2014.12.30 18:33:32.297,0.162,0.16237,0.02,0.02
2014.12.30 18:34:12.724,0.16199,0.16238,0.02,0.02
2014.12.30 18:34:46.676,0.16197,0.16234,0.01,0.02
2014.12.30 18:34:47.269,0.16195,0.16234,0.02,0.02
2014.12.30 18:34:48.490,0.16195,0.16234,0.02,0.02
2014.12.30 18:34:49.780,0.16196,0.16235,0.02,0.02
2014.12.30 18:34:55.859,0.16198,0.16235,0.01,0.02
2014.12.30 18:34:56.380,0.16198,0.16234,0.01,0.02
2014.12.30 18:35:00.028,0.16197,0.16234,0.03,0.02
2014.12.30 18:35:05.604,0.16198,0.16235,0.02,0.02
2014.12.30 18:35:05.705,0.16199,0.16238,0.02,0.02
2014.12.30 18:35:20.865,0.16198,0.16237,0.03,0.02
2014.12.30 18:35:25.383,0.162,0.16237,0.02,0.02
2014.12.30 18:35:45.801,0.16199,0.16238,0.02,0.02
2014.12.30 18:36:06.834,0.16201,0.16237,0.02,0.02
2014.12.30 18:36:26.770,0.162,0.16237,0.02,0.02
2014.12.30 18:36:32.907,0.16198,0.16237,0.02,0.02
2014.12.30 18:36:33.007,0.16195,0.16234,0.02,0.02
2014.12.30 18:36:34.163,0.16195,0.16234,0.02,0.02
2014.12.30 18:36:40.511,0.16194,0.16233,0.02,0.02
2014.12.30 18:37:00.719,0.16195,0.16232,0.02,0.02
2014.12.30 18:37:17.553,0.16195,0.16234,0.02,0.03
2014.12.30 18:37:37.770,0.16194,0.16233,0.02,0.02
2014.12.30 18:38:02.233,0.16199,0.16235,0.02,0.01
2014.12.30 18:38:02.284,0.16199,0.16238,0.02,0.02
2014.12.30 18:38:10.527,0.162,0.16239,0.02,0.02
2014.12.30 18:38:30.755,0.16199,0.16238,0.02,0.02
2014.12.30 18:38:50.785,0.162,0.16237,0.02,0.02
2014.12.30 18:39:06.447,0.16203,0.16241,0.01,0.02
2014.12.30 18:39:06.934,0.162,0.16239,0.02,0.02
2014.12.30 18:39:11.059,0.162,0.16239,0.02,0.02
2014.12.30 18:39:11.782,0.16202,0.16239,0.02,0.02
2014.12.30 18:39:13.533,0.16203,0.1624,0.02,0.02
2014.12.30 18:39:13.834,0.16205,0.16242,0.02,0.02
2014.12.30 18:39:34.788,0.16204,0.16243,0.02,0.02
2014.12.30 18:39:43.245,0.16206,0.16243,0.02,0.02
2014.12.30 18:39:43.798,0.16205,0.16242,0.02,0.02
2014.12.30 18:39:45.825,0.1621,0.16249,0.02,0.02
2014.12.30 18:39:53.187,0.16212,0.16249,0.01,0.02
2014.12.30 18:39:53.238,0.16214,0.16253,0.02,0.02
2014.12.30 18:39:53.874,0.16214,0.16252,0.02,0.02
2014.12.30 18:39:54.650,0.1621,0.16247,0.02,0.02
2014.12.30 18:39:55.001,0.16213,0.16247,0.01,0.02
2014.12.30 18:39:55.051,0.16216,0.16253,0.02,0.02
2014.12.30 18:40:00.479,0.16214,0.16253,0.02,0.02
2014.12.30 18:40:00.530,0.16214,0.1625,0.02,0.02
2014.12.30 18:40:00.580,0.16209,0.16248,0.02,0.02
2014.12.30 18:40:20.801,0.1621,0.16249,0.02,0.02
2014.12.30 18:40:31.857,0.16214,0.16251,0.02,0.02
2014.12.30 18:40:32.357,0.16216,0.16253,0.02,0.02
2014.12.30 18:40:41.699,0.16217,0.16254,0.04,0.02
2014.12.30 18:40:41.799,0.16219,0.16258,0.02,0.02
2014.12.30 18:40:42.909,0.16221,0.1626,0.02,0.02
2014.12.30 18:40:43.237,0.1622,0.16257,0.02,0.02
2014.12.30 18:40:56.712,0.16219,0.16256,0.02,0.02
2014.12.30 18:40:57.165,0.16216,0.16253,0.02,0.02
2014.12.30 18:40:57.316,0.1622,0.16257,0.02,0.02
2014.12.30 18:41:08.466,0.16221,0.16258,0.02,0.02
2014.12.30 18:41:08.517,0.16223,0.16258,0.01,0.02
2014.12.30 18:41:08.567,0.16226,0.16263,0.02,0.02
2014.12.30 18:41:09.071,0.16225,0.16262,0.02,0.02
2014.12.30 18:41:09.581,0.16226,0.16263,0.02,0.02
2014.12.30 18:41:09.821,0.16228,0.16263,0.01,0.02
2014.12.30 18:41:09.871,0.1623,0.16267,0.02,0.02
2014.12.30 18:41:10.072,0.16228,0.16267,0.02,0.02
2014.12.30 18:41:10.259,0.16228,0.16265,0.01,0.02
2014.12.30 18:41:10.377,0.16228,0.16267,0.03,0.02
2014.12.30 18:41:11.683,0.1623,0.16267,0.02,0.02
2014.12.30 18:41:12.401,0.16229,0.16268,0.02,0.02
2014.12.30 18:41:19.566,0.16229,0.16268,0.02,0.03
2014.12.30 18:41:19.616,0.16225,0.16262,0.02,0.02
2014.12.30 18:41:19.924,0.16225,0.16264,0.02,0.02
2014.12.30 18:41:26.434,0.16228,0.16264,0.01,0.02
2014.12.30 18:41:26.542,0.16227,0.16266,0.03,0.02
2014.12.30 18:41:26.597,0.1623,0.16267,0.02,0.02
2014.12.30 18:41:38.146,0.1623,0.16269,0.02,0.03
2014.12.30 18:41:38.707,0.16229,0.16268,0.02,0.02
2014.12.30 18:41:41.567,0.1623,0.16269,0.02,0.02
2014.12.30 18:41:42.237,0.16232,0.16271,0.02,0.02
2014.12.30 18:41:43.025,0.1623,0.16267,0.02,0.02
2014.12.30 18:41:43.325,0.16232,0.16271,0.02,0.02
2014.12.30 18:41:43.726,0.1623,0.16267,0.02,0.02
2014.12.30 18:41:43.926,0.1623,0.16269,0.02,0.02
2014.12.30 18:41:44.467,0.16229,0.16268,0.02,0.02
2014.12.30 18:41:51.651,0.16227,0.16266,0.03,0.02
2014.12.30 18:41:52.012,0.16225,0.16262,0.02,0.02
2014.12.30 18:42:06.674,0.16226,0.16263,0.02,0.02
2014.12.30 18:42:08.860,0.16228,0.16263,0.01,0.02
2014.12.30 18:42:08.911,0.1623,0.16267,0.02,0.02
2014.12.30 18:42:09.791,0.16229,0.16268,0.02,0.02
2014.12.30 18:42:10.470,0.16229,0.16266,0.02,0.02
2014.12.30 18:42:12.503,0.1623,0.16267,0.02,0.02
2014.12.30 18:42:12.704,0.1623,0.16269,0.02,0.02
2014.12.30 18:42:15.916,0.1623,0.16269,0.02,0.02
2014.12.30 18:42:15.979,0.16232,0.16271,0.02,0.02
2014.12.30 18:42:16.580,0.16233,0.16272,0.02,0.02
2014.12.30 18:42:17.287,0.16234,0.16273,0.02,0.02
2014.12.30 18:42:20.435,0.1623,0.16269,0.02,0.02
2014.12.30 18:42:24.738,0.1623,0.16269,0.02,0.02
2014.12.30 18:42:25.538,0.16229,0.16268,0.02,0.02
2014.12.30 18:42:44.818,0.1623,0.16267,0.02,0.02
2014.12.30 18:43:04.796,0.16229,0.16266,0.02,0.02
2014.12.30 18:43:04.896,0.16226,0.16263,0.02,0.02
2014.12.30 18:43:06.416,0.16226,0.16263,0.04,0.02
2014.12.30 18:43:09.976,0.16226,0.16263,0.02,0.02
2014.12.30 18:43:10.261,0.16229,0.16268,0.02,0.02
2014.12.30 18:44:00.642,0.1623,0.16269,0.02,0.02
2014.12.30 18:44:07.454,0.16232,0.16269,0.02,0.01
2014.12.30 18:44:07.504,0.16233,0.16271,0.02,0.02
2014.12.30 18:44:07.555,0.16236,0.16273,0.02,0.02
2014.12.30 18:44:12.899,0.16237,0.16276,0.02,0.02
2014.12.30 18:44:12.955,0.16235,0.16274,0.02,0.02
2014.12.30 18:44:19.019,0.16235,0.16274,0.02,0.02
2014.12.30 18:44:21.442,0.16235,0.16274,0.02,0.02
2014.12.30 18:44:22.252,0.16238,0.16274,0.01,0.02
2014.12.30 18:44:22.303,0.16238,0.16277,0.03,0.02
2014.12.30 18:44:25.117,0.16235,0.16272,0.02,0.02
2014.12.30 18:44:25.398,0.16235,0.16274,0.02,0.02
2014.12.30 18:44:29.343,0.16235,0.16274,0.02,0.02
2014.12.30 18:44:30.322,0.16238,0.16277,0.02,0.02
2014.12.30 18:44:30.423,0.1624,0.16278,0.02,0.02
2014.12.30 18:44:30.964,0.1624,0.16277,0.02,0.02
2014.12.30 18:44:32.483,0.1624,0.16275,0.02,0.01
2014.12.30 18:44:32.533,0.16235,0.16272,0.02,0.02
2014.12.30 18:44:34.037,0.16236,0.16273,0.02,0.02
2014.12.30 18:44:34.690,0.16234,0.16273,0.02,0.02
2014.12.30 18:44:42.401,0.16235,0.16274,0.02,0.02
2014.12.30 18:44:42.541,0.16235,0.16272,0.02,0.02
2014.12.30 18:44:44.825,0.16235,0.16274,0.02,0.02
2014.12.30 18:44:46.885,0.16235,0.16274,0.02,0.02
2014.12.30 18:44:47.035,0.16234,0.16273,0.02,0.02
2014.12.30 18:44:54.045,0.16237,0.16273,0.02,0.02
2014.12.30 18:44:55.760,0.16237,0.16273,0.02,0.02
2014.12.30 18:44:56.423,0.16235,0.16272,0.02,0.02
2014.12.30 18:44:56.474,0.16235,0.16272,0.02,0.02
2014.12.30 18:44:56.725,0.16237,0.16276,0.02,0.02
2014.12.30 18:44:56.825,0.16236,0.16273,0.02,0.02
2014.12.30 18:44:59.103,0.16236,0.16273,0.02,0.02
2014.12.30 18:44:59.153,0.16237,0.16276,0.02,0.02
2014.12.30 18:45:02.745,0.16237,0.16276,0.02,0.02
2014.12.30 18:45:08.431,0.16237,0.16276,0.02,0.02
2014.12.30 18:45:09.242,0.16238,0.16277,0.02,0.02
2014.12.30 18:45:10.554,0.16238,0.16274,0.01,0.02
2014.12.30 18:45:10.655,0.16234,0.16273,0.02,0.02
2014.12.30 18:45:14.350,0.16235,0.16274,0.02,0.02
2014.12.30 18:45:14.851,0.16234,0.16273,0.02,0.02
2014.12.30 18:45:17.485,0.16235,0.16274,0.02,0.03
2014.12.30 18:45:18.685,0.16238,0.16274,0.01,0.02
2014.12.30 18:45:18.785,0.1624,0.16277,0.02,0.02
2014.12.30 18:45:19.071,0.16235,0.16274,0.02,0.02
2014.12.30 18:45:21.564,0.16235,0.16274,0.02,0.02
2014.12.30 18:45:22.804,0.16235,0.16274,0.02,0.02
2014.12.30 18:45:23.982,0.16235,0.16272,0.02,0.02
2014.12.30 18:45:40.986,0.16234,0.16271,0.02,0.02
2014.12.30 18:45:41.087,0.16234,0.16273,0.02,0.02
2014.12.30 18:45:53.104,0.16233,0.16272,0.02,0.02
2014.12.30 18:45:53.764,0.16234,0.16273,0.02,0.02
2014.12.30 18:45:59.361,0.16236,0.16273,0.02,0.02
2014.12.30 18:45:59.512,0.16234,0.16273,0.02,0.02
2014.12.30 18:46:00.113,0.16236,0.16273,0.02,0.02
2014.12.30 18:46:02.119,0.16234,0.16273,0.02,0.02
2014.12.30 18:46:03.419,0.16235,0.16274,0.02,0.02
2014.12.30 18:46:06.537,0.16235,0.16272,0.02,0.02
2014.12.30 18:46:14.536,0.16235,0.16274,0.02,0.04
2014.12.30 18:46:16.773,0.16234,0.16273,0.02,0.02
2014.12.30 18:46:27.172,0.16241,0.16278,0.02,0.02
2014.12.30 18:46:28.021,0.16239,0.16278,0.02,0.02
2014.12.30 18:46:28.676,0.1624,0.16279,0.02,0.02
2014.12.30 18:46:36.834,0.16243,0.1628,0.02,0.02
2014.12.30 18:46:36.934,0.16244,0.16283,0.02,0.02
2014.12.30 18:47:02.745,0.16243,0.16277,0.02,0.02
2014.12.30 18:47:02.795,0.1624,0.16277,0.02,0.02
2014.12.30 18:47:21.224,0.16237,0.16274,0.03,0.02
2014.12.30 18:47:21.425,0.16234,0.16273,0.02,0.02
2014.12.30 18:47:22.303,0.16237,0.16274,0.02,0.02
2014.12.30 18:47:22.431,0.16235,0.16274,0.02,0.02
2014.12.30 18:47:42.858,0.16235,0.16272,0.02,0.02
2014.12.30 18:47:56.481,0.16234,0.16271,0.02,0.02
2014.12.30 18:47:56.549,0.16229,0.16268,0.02,0.02
2014.12.30 18:48:00.700,0.16228,0.16267,0.02,0.02
2014.12.30 18:48:00.750,0.16228,0.16264,0.02,0.01
2014.12.30 18:48:00.801,0.16223,0.16261,0.01,0.02
2014.12.30 18:48:01.158,0.16224,0.16263,0.02,0.02
2014.12.30 18:48:03.111,0.16219,0.16258,0.02,0.02
2014.12.30 18:48:05.966,0.16221,0.16258,0.02,0.02
2014.12.30 18:48:06.066,0.16224,0.16263,0.02,0.02
2014.12.30 18:48:06.767,0.16226,0.16263,0.02,0.02
2014.12.30 18:48:10.203,0.16225,0.16262,0.02,0.02
2014.12.30 18:48:10.931,0.16226,0.16263,0.02,0.02
2014.12.30 18:48:13.421,0.16227,0.16264,0.03,0.02
2014.12.30 18:48:13.475,0.16229,0.16267,0.02,0.02
2014.12.30 18:48:19.915,0.1623,0.16267,0.02,0.02
2014.12.30 18:48:40.431,0.16229,0.16268,0.02,0.02
2014.12.30 18:48:40.534,0.16229,0.16266,0.02,0.02
2014.12.30 18:48:40.921,0.16224,0.16263,0.02,0.02
2014.12.30 18:48:50.273,0.16225,0.16264,0.02,0.02
2014.12.30 18:48:56.652,0.16224,0.16263,0.02,0.02
2014.12.30 18:49:03.584,0.16226,0.16263,0.02,0.02
2014.12.30 18:49:10.664,0.16225,0.16262,0.02,0.02
2014.12.30 18:49:23.108,0.16224,0.16261,0.02,0.02
2014.12.30 18:49:28.977,0.16223,0.1626,0.02,0.02
2014.12.30 18:49:29.330,0.1622,0.16257,0.02,0.02
2014.12.30 18:49:30.420,0.16217,0.16254,0.02,0.02
2014.12.30 18:49:30.480,0.16214,0.16253,0.02,0.02
2014.12.30 18:50:23.809,0.16216,0.16253,0.02,0.02
2014.12.30 18:50:24.117,0.16221,0.16258,0.02,0.02
2014.12.30 18:50:32.372,0.1622,0.16259,0.02,0.03
2014.12.30 18:50:32.709,0.16225,0.16262,0.02,0.02
2014.12.30 18:50:35.777,0.16223,0.16262,0.02,0.02
2014.12.30 18:50:35.877,0.16219,0.16258,0.02,0.02
2014.12.30 18:50:38.680,0.16221,0.1626,0.02,0.02
2014.12.30 18:50:38.982,0.1622,0.16257,0.02,0.02
2014.12.30 18:50:59.711,0.16219,0.16258,0.02,0.02
2014.12.30 18:51:14.553,0.16218,0.16256,0.01,0.02
2014.12.30 18:51:15.164,0.16217,0.16256,0.02,0.02
2014.12.30 18:51:17.194,0.16217,0.16256,0.02,0.02
2014.12.30 18:51:20.968,0.16217,0.16256,0.02,0.02
2014.12.30 18:51:23.984,0.16218,0.16257,0.02,0.02
2014.12.30 18:51:24.405,0.16223,0.1626,0.02,0.02
2014.12.30 18:51:35.276,0.16225,0.16264,0.02,0.02
2014.12.30 18:51:55.731,0.16226,0.16263,0.02,0.02
2014.12.30 18:52:03.767,0.16226,0.16265,0.02,0.02
2014.12.30 18:52:04.339,0.16225,0.16264,0.02,0.02
2014.12.30 18:52:05.171,0.16225,0.16262,0.02,0.02
2014.12.30 18:52:25.777,0.16225,0.16264,0.02,0.02
2014.12.30 18:53:44.279,0.16224,0.16263,0.02,0.02
2014.12.30 18:53:45.082,0.16225,0.16262,0.02,0.02
2014.12.30 18:53:49.586,0.16225,0.16264,0.02,0.02
2014.12.30 18:54:29.844,0.16225,0.16262,0.02,0.02
2014.12.30 18:54:44.060,0.16233,0.16265,0.02,0.02
2014.12.30 18:54:44.110,0.16233,0.16272,0.02,0.02
2014.12.30 18:54:44.161,0.16231,0.16268,0.02,0.02
2014.12.30 18:54:44.261,0.16229,0.16268,0.02,0.02
2014.12.30 18:54:51.585,0.1623,0.16269,0.02,0.02
2014.12.30 18:55:11.802,0.1623,0.16267,0.02,0.02
2014.12.30 18:55:19.052,0.16231,0.16268,0.02,0.02
2014.12.30 18:55:20.945,0.16231,0.1627,0.02,0.02
2014.12.30 18:55:21.046,0.1623,0.16267,0.02,0.02
2014.12.30 18:55:28.135,0.16232,0.16271,0.02,0.02
2014.12.30 18:56:10.718,0.1623,0.16267,0.02,0.02
2014.12.30 18:56:30.842,0.16229,0.16268,0.02,0.02
2014.12.30 18:56:31.314,0.16231,0.16268,0.02,0.02
2014.12.30 18:56:32.846,0.16229,0.16268,0.02,0.02
2014.12.30 18:56:43.773,0.16231,0.16268,0.02,0.02
2014.12.30 18:56:44.177,0.16232,0.16271,0.02,0.02
2014.12.30 18:56:44.480,0.16229,0.16268,0.02,0.02
2014.12.30 18:57:04.541,0.1623,0.16267,0.02,0.02
2014.12.30 18:57:04.641,0.16224,0.16263,0.02,0.02
2014.12.30 18:57:12.342,0.16223,0.16262,0.02,0.02
2014.12.30 18:57:13.112,0.16224,0.16263,0.02,0.02
2014.12.30 18:57:23.857,0.16225,0.16264,0.02,0.02
2014.12.30 18:57:24.938,0.16224,0.16263,0.02,0.02
2014.12.30 18:57:27.667,0.16224,0.16261,0.02,0.02
2014.12.30 18:57:27.970,0.16222,0.16259,0.02,0.02
2014.12.30 18:57:29.472,0.16223,0.1626,0.02,0.02
2014.12.30 18:57:33.682,0.16224,0.16261,0.02,0.02
2014.12.30 18:57:44.911,0.16223,0.1626,0.02,0.02
2014.12.30 18:57:50.876,0.16225,0.16262,0.02,0.02
2014.12.30 18:58:00.222,0.16221,0.1626,0.02,0.02
2014.12.30 18:58:00.899,0.16222,0.16261,0.02,0.02
2014.12.30 18:58:02.629,0.16222,0.16261,0.02,0.02
2014.12.30 18:58:02.794,0.16219,0.16258,0.02,0.02
2014.12.30 18:58:21.427,0.16214,0.16253,0.02,0.02
2014.12.30 18:58:22.004,0.16215,0.16252,0.02,0.02
2014.12.30 18:58:34.048,0.16216,0.16253,0.02,0.02
2014.12.30 18:58:34.148,0.16214,0.16253,0.02,0.02
2014.12.30 18:58:36.983,0.16213,0.16252,0.03,0.02
2014.12.30 18:58:39.160,0.16213,0.1625,0.01,0.02
2014.12.30 18:58:39.685,0.16215,0.16252,0.02,0.02
2014.12.30 18:58:48.492,0.16215,0.16254,0.02,0.02
2014.12.30 18:58:54.235,0.16217,0.16254,0.01,0.02
2014.12.30 18:58:54.541,0.1622,0.16257,0.02,0.02
2014.12.30 18:58:57.997,0.16219,0.16256,0.02,0.02
2014.12.30 18:58:59.278,0.1622,0.16257,0.02,0.02
2014.12.30 18:59:00.351,0.16222,0.16257,0.01,0.02
2014.12.30 18:59:00.501,0.16224,0.16263,0.02,0.02
2014.12.30 18:59:01.292,0.1622,0.16257,0.02,0.02
2014.12.30 18:59:02.784,0.1622,0.16259,0.02,0.02
2014.12.30 18:59:11.525,0.16219,0.16258,0.02,0.02
2014.12.30 18:59:22.713,0.16221,0.16258,0.02,0.02
2014.12.30 18:59:23.945,0.16223,0.1626,0.02,0.02
2014.12.30 18:59:24.250,0.16225,0.16262,0.02,0.02
2014.12.30 18:59:25.621,0.16224,0.16261,0.02,0.02
2014.12.30 18:59:25.934,0.16224,0.16263,0.02,0.02
2014.12.30 18:59:57.987,0.16226,0.16263,0.02,0.02
