2012.06.26 17:00:00.415,0.27041,0.27077,0.02,0.04
2012.06.26 17:00:00.907,0.27034,0.27072,0.04,0.02
2012.06.26 17:00:01.386,0.27033,0.2707,0.03,0.02
2012.06.26 17:00:01.987,0.27034,0.27071,0.02,0.02
2012.06.26 17:00:11.166,0.27034,0.27071,0.02,0.02
2012.06.26 17:00:11.704,0.27036,0.27072,0.02,0.05
2012.06.26 17:00:13.000,0.27037,0.27075,0.02,0.02
2012.06.26 17:00:13.706,0.27039,0.27076,0.02,0.06
2012.06.26 17:00:19.906,0.27044,0.27076,0.03,0.04
2012.06.26 17:00:20.356,0.27043,0.27079,0.03,0.09
2012.06.26 17:00:20.417,0.27044,0.27076,0.02,0.03
2012.06.26 17:00:24.927,0.27044,0.27082,0.02,0.04
2012.06.26 17:00:26.956,0.27044,0.27079,0.03,0.05
2012.06.26 17:00:28.646,0.27043,0.27077,0.02,0.03
2012.06.26 17:00:29.398,0.27038,0.2707,0.02,0.04
2012.06.26 17:00:30.158,0.27039,0.2707,0.02,0.05
2012.06.26 17:00:30.229,0.27044,0.27074,0.03,0.05
2012.06.26 17:00:30.746,0.27037,0.2707,0.02,0.05
2012.06.26 17:00:31.149,0.27036,0.27073,0.02,0.02
2012.06.26 17:00:33.968,0.27033,0.27067,0.03,0.03
2012.06.26 17:00:34.572,0.27027,0.27059,0.03,0.04
2012.06.26 17:00:35.232,0.27027,0.27059,0.02,0.05
2012.06.26 17:00:35.838,0.27026,0.27059,0.03,0.05
2012.06.26 17:00:36.598,0.27029,0.27065,0.02,0.05
2012.06.26 17:00:36.667,0.27025,0.27059,0.02,0.05
2012.06.26 17:00:37.867,0.27033,0.27066,0.03,0.02
2012.06.26 17:00:38.946,0.27031,0.27064,0.03,0.05
2012.06.26 17:00:39.021,0.27027,0.27064,0.02,0.05
2012.06.26 17:00:39.576,0.27026,0.27059,0.02,0.05
2012.06.26 17:00:39.966,0.27029,0.27066,0.02,0.02
2012.06.26 17:00:41.507,0.27029,0.27065,0.02,0.05
2012.06.26 17:00:47.806,0.27028,0.27064,0.02,0.05
2012.06.26 17:00:47.938,0.27024,0.27063,0.03,0.02
2012.06.26 17:00:50.206,0.27027,0.27063,0.02,0.02
2012.06.26 17:00:55.095,0.27024,0.27061,0.03,0.02
2012.06.26 17:00:55.327,0.27018,0.27056,0.02,0.02
2012.06.26 17:00:56.100,0.27023,0.27057,0.03,0.03
2012.06.26 17:01:02.741,0.27024,0.27054,0.03,0.05
2012.06.26 17:01:05.537,0.27018,0.2705,0.02,0.05
2012.06.26 17:01:06.906,0.27015,0.27053,0.02,0.02
2012.06.26 17:01:07.126,0.27013,0.2705,0.05,0.05
2012.06.26 17:01:07.719,0.27014,0.2705,0.03,0.05
2012.06.26 17:01:08.419,0.27013,0.2705,0.03,0.06
2012.06.26 17:01:10.395,0.27011,0.27047,0.02,0.03
2012.06.26 17:01:10.776,0.27013,0.27047,0.03,0.03
2012.06.26 17:01:11.536,0.27009,0.27047,0.02,0.03
2012.06.26 17:01:11.727,0.27006,0.27044,0.02,0.02
2012.06.26 17:01:12.218,0.27006,0.27045,0.03,0.02
2012.06.26 17:01:12.276,0.27006,0.27039,0.02,0.05
2012.06.26 17:01:12.756,0.27006,0.27043,0.02,0.05
2012.06.26 17:01:13.706,0.27004,0.27039,0.04,0.05
2012.06.26 17:01:17.108,0.27008,0.27045,0.02,0.04
2012.06.26 17:01:17.728,0.27004,0.2704,0.03,0.05
2012.06.26 17:01:18.306,0.27006,0.27043,0.03,0.02
2012.06.26 17:01:32.496,0.27005,0.27042,0.02,0.02
2012.06.26 17:01:33.013,0.27003,0.27041,0.05,0.02
2012.06.26 17:01:33.546,0.27005,0.27039,0.02,0.05
2012.06.26 17:01:33.607,0.27014,0.27044,0.02,0.04
2012.06.26 17:01:33.746,0.27004,0.27039,0.02,0.05
2012.06.26 17:01:33.999,0.2701,0.27047,0.02,0.02
2012.06.26 17:01:34.177,0.27007,0.27045,0.02,0.02
2012.06.26 17:01:54.189,0.27009,0.27046,0.02,0.02
2012.06.26 17:01:54.706,0.27007,0.27045,0.02,0.02
2012.06.26 17:01:56.626,0.27014,0.27045,0.03,0.04
2012.06.26 17:01:56.927,0.27013,0.27047,0.03,0.04
2012.06.26 17:01:57.457,0.27014,0.27046,0.03,0.05
2012.06.26 17:02:09.724,0.27005,0.2704,0.02,0.05
2012.06.26 17:02:09.798,0.27006,0.27043,0.03,0.04
2012.06.26 17:02:11.187,0.27005,0.27043,0.03,0.02
2012.06.26 17:02:11.500,0.27004,0.27041,0.02,0.02
2012.06.26 17:02:12.807,0.27006,0.27043,0.02,0.02
2012.06.26 17:02:13.123,0.27007,0.27044,0.02,0.04
2012.06.26 17:02:13.767,0.27009,0.27046,0.02,0.02
2012.06.26 17:02:13.827,0.27006,0.27045,0.02,0.02
2012.06.26 17:02:16.847,0.27013,0.27049,0.03,0.05
2012.06.26 17:02:17.499,0.27014,0.2705,0.03,0.02
2012.06.26 17:02:18.203,0.27014,0.27046,0.03,0.02
2012.06.26 17:02:22.046,0.27008,0.27046,0.02,0.03
2012.06.26 17:02:22.106,0.27014,0.27046,0.03,0.02
2012.06.26 17:02:23.316,0.27009,0.2704,0.02,0.04
2012.06.26 17:02:23.727,0.27014,0.27046,0.02,0.04
2012.06.26 17:02:24.187,0.27013,0.2705,0.04,0.08
2012.06.26 17:02:24.347,0.2701,0.27049,0.02,0.02
2012.06.26 17:02:24.466,0.27013,0.27049,0.03,0.02
2012.06.26 17:02:24.736,0.27009,0.27047,0.03,0.02
2012.06.26 17:02:26.397,0.2701,0.27047,0.03,0.03
2012.06.26 17:02:27.064,0.27013,0.27049,0.03,0.02
2012.06.26 17:02:31.446,0.27006,0.27047,0.03,0.02
2012.06.26 17:02:34.216,0.27008,0.27045,0.02,0.02
2012.06.26 17:02:40.238,0.2701,0.27046,0.02,0.02
2012.06.26 17:02:45.097,0.27007,0.27045,0.03,0.02
2012.06.26 17:02:45.619,0.27011,0.27049,0.02,0.04
2012.06.26 17:02:46.296,0.27011,0.27047,0.02,0.02
2012.06.26 17:02:46.506,0.27009,0.27046,0.02,0.02
2012.06.26 17:02:46.566,0.27004,0.27045,0.02,0.03
2012.06.26 17:02:46.626,0.27005,0.27042,0.02,0.02
2012.06.26 17:02:46.686,0.27,0.27041,0.02,0.03
2012.06.26 17:02:53.647,0.27005,0.27041,0.02,0.02
2012.06.26 17:02:58.207,0.27006,0.2704,0.02,0.05
2012.06.26 17:02:58.266,0.27009,0.27046,0.02,0.02
2012.06.26 17:03:05.887,0.27005,0.27045,0.02,0.02
2012.06.26 17:03:32.947,0.27013,0.27045,0.02,0.03
2012.06.26 17:03:33.118,0.27009,0.27045,0.02,0.02
2012.06.26 17:03:36.865,0.27013,0.27046,0.03,0.02
2012.06.26 17:03:36.928,0.27013,0.2705,0.05,0.07
2012.06.26 17:03:37.085,0.2701,0.27049,0.02,0.02
2012.06.26 17:03:43.897,0.27015,0.27052,0.02,0.04
2012.06.26 17:03:44.446,0.27016,0.27053,0.02,0.02
2012.06.26 17:03:44.752,0.27015,0.27052,0.02,0.04
2012.06.26 17:03:45.326,0.27013,0.2705,0.03,0.06
2012.06.26 17:03:46.504,0.27014,0.27052,0.04,0.04
2012.06.26 17:03:47.276,0.27014,0.2705,0.03,0.05
2012.06.26 17:03:48.947,0.27014,0.27052,0.02,0.04
2012.06.26 17:04:00.448,0.27013,0.2705,0.03,0.06
2012.06.26 17:04:03.587,0.27014,0.27051,0.02,0.02
2012.06.26 17:04:14.026,0.27014,0.2705,0.03,0.05
2012.06.26 17:04:14.302,0.2701,0.27049,0.02,0.02
2012.06.26 17:04:18.856,0.27013,0.27047,0.03,0.02
2012.06.26 17:04:25.454,0.27009,0.27046,0.02,0.02
2012.06.26 17:04:26.562,0.27013,0.27047,0.03,0.04
2012.06.26 17:04:26.727,0.27013,0.27045,0.03,0.02
2012.06.26 17:04:27.117,0.27008,0.27044,0.02,0.03
2012.06.26 17:04:28.867,0.27007,0.27043,0.02,0.02
2012.06.26 17:04:29.272,0.27006,0.27039,0.02,0.05
2012.06.26 17:04:38.376,0.27008,0.27045,0.03,0.02
2012.06.26 17:04:38.576,0.27003,0.27043,0.03,0.02
2012.06.26 17:04:40.327,0.27004,0.27042,0.02,0.03
2012.06.26 17:04:40.386,0.27005,0.27042,0.02,0.04
2012.06.26 17:04:40.926,0.27004,0.27039,0.02,0.03
2012.06.26 17:04:41.396,0.27003,0.2704,0.03,0.03
2012.06.26 17:04:44.746,0.27004,0.27036,0.02,0.03
2012.06.26 17:04:47.197,0.27004,0.27037,0.03,0.02
2012.06.26 17:04:57.289,0.27004,0.27036,0.03,0.03
2012.06.26 17:04:59.153,0.27002,0.27037,0.02,0.04
2012.06.26 17:05:00.956,0.27004,0.2704,0.03,0.09
2012.06.26 17:05:21.098,0.27004,0.27039,0.02,0.04
2012.06.26 17:05:21.267,0.27001,0.27038,0.03,0.02
2012.06.26 17:05:21.326,0.27004,0.27041,0.05,0.02
2012.06.26 17:05:24.989,0.27004,0.27039,0.02,0.04
2012.06.26 17:05:25.144,0.27,0.27038,0.03,0.02
2012.06.26 17:05:28.816,0.27004,0.27038,0.03,0.02
2012.06.26 17:05:28.884,0.27004,0.27039,0.03,0.04
2012.06.26 17:05:28.947,0.27006,0.27043,0.02,0.03
2012.06.26 17:05:29.874,0.27002,0.27042,0.02,0.03
2012.06.26 17:05:32.949,0.27014,0.27046,0.02,0.05
2012.06.26 17:05:33.277,0.27011,0.27049,0.02,0.05
2012.06.26 17:05:33.773,0.27014,0.27049,0.04,0.05
2012.06.26 17:05:34.818,0.27008,0.2705,0.05,0.03
2012.06.26 17:05:35.278,0.27014,0.27049,0.03,0.03
2012.06.26 17:05:38.178,0.27008,0.27047,0.03,0.05
2012.06.26 17:05:38.498,0.27007,0.2704,0.02,0.04
2012.06.26 17:05:39.065,0.27008,0.27043,0.02,0.02
2012.06.26 17:05:50.317,0.27008,0.27043,0.02,0.05
2012.06.26 17:05:50.378,0.2701,0.27047,0.02,0.06
2012.06.26 17:06:05.687,0.27007,0.2704,0.02,0.05
2012.06.26 17:06:06.436,0.27009,0.27046,0.03,0.04
2012.06.26 17:06:06.563,0.27009,0.27045,0.02,0.02
2012.06.26 17:06:07.147,0.27009,0.27044,0.02,0.04
2012.06.26 17:06:07.756,0.2701,0.27046,0.02,0.05
2012.06.26 17:06:10.156,0.2701,0.27047,0.03,0.02
2012.06.26 17:06:10.677,0.27011,0.27045,0.02,0.05
2012.06.26 17:06:11.088,0.27015,0.27052,0.02,0.02
2012.06.26 17:06:11.438,0.27016,0.2705,0.02,0.04
2012.06.26 17:06:11.525,0.27016,0.2705,0.02,0.05
2012.06.26 17:06:24.612,0.27016,0.27052,0.02,0.02
2012.06.26 17:06:25.052,0.27014,0.27052,0.02,0.02
2012.06.26 17:06:25.178,0.27013,0.27047,0.03,0.02
2012.06.26 17:06:25.598,0.27008,0.27045,0.02,0.02
2012.06.26 17:06:25.727,0.27006,0.27043,0.02,0.02
2012.06.26 17:06:29.281,0.27007,0.27044,0.02,0.04
2012.06.26 17:06:33.479,0.27006,0.27043,0.03,0.02
2012.06.26 17:06:49.107,0.27013,0.27047,0.03,0.06
2012.06.26 17:06:54.468,0.27004,0.27039,0.03,0.05
2012.06.26 17:06:54.716,0.27005,0.27042,0.02,0.04
2012.06.26 17:06:58.017,0.2701,0.27047,0.02,0.04
2012.06.26 17:06:58.078,0.2701,0.27046,0.02,0.05
2012.06.26 17:06:58.877,0.27013,0.27046,0.02,0.02
2012.06.26 17:06:58.937,0.27013,0.2705,0.03,0.05
2012.06.26 17:06:59.365,0.27015,0.27053,0.02,0.02
2012.06.26 17:07:00.360,0.27013,0.27049,0.03,0.02
2012.06.26 17:07:01.107,0.27014,0.27052,0.02,0.02
2012.06.26 17:07:01.746,0.27014,0.27052,0.03,0.02
2012.06.26 17:07:04.417,0.27014,0.27047,0.03,0.02
2012.06.26 17:07:05.073,0.27008,0.2704,0.02,0.05
2012.06.26 17:07:10.911,0.27013,0.27047,0.03,0.03
2012.06.26 17:07:11.424,0.27014,0.27046,0.02,0.02
2012.06.26 17:07:17.857,0.27013,0.2705,0.03,0.05
2012.06.26 17:07:31.676,0.27013,0.27049,0.03,0.02
2012.06.26 17:07:32.223,0.2701,0.27046,0.03,0.03
2012.06.26 17:07:32.407,0.27008,0.27044,0.03,0.02
2012.06.26 17:07:36.478,0.27011,0.27047,0.02,0.02
2012.06.26 17:07:36.887,0.27011,0.27047,0.02,0.02
2012.06.26 17:07:43.902,0.27011,0.27049,0.02,0.05
2012.06.26 17:07:44.583,0.27014,0.27046,0.02,0.03
2012.06.26 17:07:48.173,0.27013,0.27047,0.03,0.03
2012.06.26 17:07:48.297,0.27013,0.27052,0.05,0.02
2012.06.26 17:07:48.805,0.27018,0.27055,0.02,0.04
2012.06.26 17:07:49.314,0.27018,0.27056,0.02,0.03
2012.06.26 17:07:52.717,0.27014,0.2705,0.02,0.02
2012.06.26 17:07:53.037,0.27013,0.27046,0.02,0.02
2012.06.26 17:07:54.481,0.27017,0.27054,0.02,0.05
2012.06.26 17:08:00.319,0.27015,0.27053,0.02,0.03
2012.06.26 17:08:03.178,0.27017,0.27054,0.02,0.06
2012.06.26 17:08:03.607,0.27016,0.27053,0.02,0.02
2012.06.26 17:08:08.517,0.27017,0.2705,0.02,0.06
2012.06.26 17:08:09.370,0.2702,0.27057,0.02,0.05
2012.06.26 17:08:13.856,0.27024,0.27063,0.02,0.02
2012.06.26 17:08:14.422,0.27023,0.27055,0.02,0.02
2012.06.26 17:08:16.924,0.27025,0.27063,0.02,0.02
2012.06.26 17:08:17.518,0.27023,0.27062,0.04,0.02
2012.06.26 17:08:17.857,0.27024,0.27059,0.03,0.05
2012.06.26 17:08:24.070,0.27017,0.2705,0.03,0.05
2012.06.26 17:08:24.271,0.27014,0.27047,0.02,0.02
2012.06.26 17:08:38.400,0.27014,0.27053,0.02,0.04
2012.06.26 17:08:38.458,0.27011,0.27046,0.02,0.02
2012.06.26 17:08:38.518,0.27019,0.27056,0.02,0.05
2012.06.26 17:08:39.083,0.27015,0.27049,0.02,0.02
2012.06.26 17:08:51.227,0.27016,0.2705,0.02,0.02
2012.06.26 17:08:51.557,0.2702,0.27057,0.02,0.02
2012.06.26 17:08:51.630,0.27021,0.27057,0.02,0.06
2012.06.26 17:08:55.767,0.27024,0.27061,0.02,0.04
2012.06.26 17:08:55.828,0.27024,0.27059,0.04,0.02
2012.06.26 17:08:55.887,0.27028,0.27065,0.02,0.03
2012.06.26 17:08:56.067,0.27024,0.27058,0.03,0.02
2012.06.26 17:09:00.172,0.27026,0.27064,0.02,0.03
2012.06.26 17:09:00.888,0.27019,0.27054,0.02,0.02
2012.06.26 17:09:04.747,0.27018,0.27054,0.02,0.02
2012.06.26 17:09:04.808,0.2702,0.27057,0.02,0.02
2012.06.26 17:09:19.847,0.2702,0.27056,0.02,0.04
2012.06.26 17:09:22.047,0.27024,0.27059,0.03,0.09
2012.06.26 17:09:22.770,0.27024,0.27057,0.03,0.02
2012.06.26 17:09:22.887,0.27024,0.2706,0.03,0.04
2012.06.26 17:09:23.468,0.27024,0.27062,0.04,0.05
2012.06.26 17:09:23.588,0.27026,0.27062,0.02,0.05
2012.06.26 17:09:23.929,0.27021,0.27057,0.02,0.02
2012.06.26 17:09:24.168,0.27028,0.27065,0.02,0.04
2012.06.26 17:09:24.227,0.27028,0.27063,0.02,0.02
2012.06.26 17:09:24.467,0.27027,0.27059,0.03,0.04
2012.06.26 17:09:24.718,0.27034,0.27068,0.03,0.04
2012.06.26 17:09:26.637,0.27026,0.27063,0.02,0.03
2012.06.26 17:09:26.757,0.27029,0.27067,0.02,0.05
2012.06.26 17:09:27.297,0.27028,0.27065,0.02,0.02
2012.06.26 17:09:27.477,0.27027,0.27063,0.02,0.02
2012.06.26 17:09:27.957,0.27018,0.27051,0.02,0.02
2012.06.26 17:09:28.387,0.27017,0.27051,0.02,0.02
2012.06.26 17:09:28.507,0.27019,0.27057,0.02,0.05
2012.06.26 17:09:28.887,0.27022,0.27059,0.02,0.02
2012.06.26 17:09:28.947,0.27019,0.27051,0.02,0.02
2012.06.26 17:09:29.008,0.27024,0.2706,0.03,0.02
2012.06.26 17:09:29.237,0.27022,0.27058,0.02,0.02
2012.06.26 17:09:29.767,0.27019,0.27056,0.02,0.02
2012.06.26 17:09:30.227,0.27021,0.27056,0.02,0.04
2012.06.26 17:09:30.347,0.27025,0.27063,0.02,0.03
2012.06.26 17:09:30.747,0.27026,0.27063,0.02,0.02
2012.06.26 17:09:31.167,0.27028,0.27065,0.02,0.05
2012.06.26 17:09:32.697,0.27024,0.2706,0.03,0.05
2012.06.26 17:09:32.847,0.27033,0.27067,0.03,0.06
2012.06.26 17:09:33.367,0.27033,0.27067,0.03,0.06
2012.06.26 17:09:33.658,0.27031,0.27067,0.02,0.06
2012.06.26 17:09:33.777,0.27028,0.27064,0.02,0.02
2012.06.26 17:09:33.898,0.2702,0.27057,0.03,0.02
2012.06.26 17:09:34.258,0.27024,0.27056,0.02,0.02
2012.06.26 17:09:34.447,0.27025,0.27064,0.03,0.06
2012.06.26 17:09:35.815,0.27027,0.27064,0.02,0.05
2012.06.26 17:09:35.878,0.27023,0.27059,0.03,0.05
2012.06.26 17:09:37.137,0.27025,0.27064,0.03,0.06
2012.06.26 17:09:38.287,0.27025,0.27061,0.02,0.03
2012.06.26 17:09:49.782,0.27025,0.27064,0.02,0.02
2012.06.26 17:10:00.849,0.2702,0.27057,0.02,0.02
2012.06.26 17:10:01.208,0.27019,0.27054,0.02,0.02
2012.06.26 17:10:01.329,0.27024,0.27057,0.03,0.02
2012.06.26 17:10:08.288,0.27023,0.2706,0.03,0.08
2012.06.26 17:10:08.407,0.27023,0.2706,0.04,0.08
2012.06.26 17:10:08.959,0.27024,0.27054,0.02,0.05
2012.06.26 17:10:10.868,0.27025,0.2706,0.02,0.04
2012.06.26 17:10:11.403,0.2703,0.27066,0.02,0.04
2012.06.26 17:10:16.177,0.27026,0.27061,0.02,0.02
2012.06.26 17:10:16.786,0.2702,0.27056,0.04,0.02
2012.06.26 17:10:23.069,0.27021,0.27056,0.04,0.02
2012.06.26 17:10:23.428,0.27027,0.27064,0.03,0.03
2012.06.26 17:10:23.840,0.2703,0.27064,0.02,0.02
2012.06.26 17:10:24.146,0.27034,0.27068,0.03,0.02
2012.06.26 17:10:43.048,0.27033,0.27068,0.03,0.03
2012.06.26 17:10:43.107,0.27029,0.27066,0.02,0.05
2012.06.26 17:10:46.337,0.27024,0.27058,0.03,0.02
2012.06.26 17:10:46.397,0.27025,0.2706,0.02,0.02
2012.06.26 17:10:52.656,0.27026,0.27062,0.02,0.02
2012.06.26 17:10:52.995,0.27024,0.27057,0.02,0.02
2012.06.26 17:10:53.398,0.27034,0.27069,0.03,0.08
2012.06.26 17:10:55.209,0.27028,0.27062,0.02,0.02
2012.06.26 17:10:55.267,0.27034,0.27068,0.03,0.02
2012.06.26 17:10:55.327,0.27034,0.27064,0.03,0.02
2012.06.26 17:10:56.128,0.27024,0.27059,0.03,0.05
2012.06.26 17:11:07.223,0.27026,0.27063,0.02,0.02
2012.06.26 17:11:07.737,0.2702,0.27055,0.02,0.02
2012.06.26 17:11:12.847,0.27026,0.27064,0.02,0.06
2012.06.26 17:11:13.547,0.27027,0.27064,0.02,0.05
2012.06.26 17:11:13.607,0.27024,0.27059,0.02,0.05
2012.06.26 17:11:16.847,0.27026,0.27063,0.03,0.03
2012.06.26 17:11:17.373,0.27024,0.27057,0.03,0.02
2012.06.26 17:11:19.047,0.27023,0.27057,0.03,0.02
2012.06.26 17:11:19.167,0.27019,0.27056,0.02,0.02
2012.06.26 17:11:19.734,0.27014,0.27048,0.02,0.02
2012.06.26 17:11:21.877,0.2702,0.27059,0.02,0.05
2012.06.26 17:11:26.917,0.27016,0.2705,0.02,0.05
2012.06.26 17:11:27.694,0.27022,0.27059,0.02,0.05
2012.06.26 17:11:33.820,0.27023,0.27061,0.02,0.03
2012.06.26 17:11:33.948,0.27017,0.27055,0.02,0.02
2012.06.26 17:11:40.078,0.2702,0.27052,0.02,0.04
2012.06.26 17:11:48.069,0.27026,0.27062,0.02,0.04
2012.06.26 17:11:50.157,0.27023,0.27059,0.03,0.04
2012.06.26 17:11:50.308,0.27017,0.27054,0.03,0.02
2012.06.26 17:11:53.439,0.27021,0.27057,0.02,0.04
2012.06.26 17:11:53.617,0.27019,0.27056,0.02,0.04
2012.06.26 17:11:54.627,0.27024,0.27059,0.03,0.03
2012.06.26 17:12:01.828,0.2702,0.27056,0.02,0.04
2012.06.26 17:12:02.348,0.27014,0.27046,0.02,0.02
2012.06.26 17:12:02.421,0.27016,0.27052,0.02,0.02
2012.06.26 17:12:02.779,0.27007,0.27039,0.02,0.04
2012.06.26 17:12:03.294,0.27019,0.27055,0.02,0.02
2012.06.26 17:12:04.028,0.27021,0.27057,0.02,0.04
2012.06.26 17:12:04.209,0.27018,0.27055,0.02,0.05
2012.06.26 17:12:04.388,0.27017,0.27054,0.02,0.02
2012.06.26 17:12:06.388,0.2701,0.27046,0.03,0.03
2012.06.26 17:12:06.532,0.2702,0.27057,0.02,0.04
2012.06.26 17:12:06.938,0.27014,0.2705,0.02,0.05
2012.06.26 17:12:08.377,0.27018,0.27055,0.02,0.05
2012.06.26 17:12:08.498,0.27014,0.2705,0.03,0.05
2012.06.26 17:12:08.928,0.27014,0.27049,0.02,0.03
2012.06.26 17:12:14.498,0.27013,0.2705,0.03,0.05
2012.06.26 17:12:15.529,0.2702,0.27057,0.02,0.04
2012.06.26 17:12:21.188,0.27019,0.27056,0.02,0.03
2012.06.26 17:12:21.307,0.27017,0.27054,0.02,0.02
2012.06.26 17:12:24.967,0.27009,0.27047,0.02,0.02
2012.06.26 17:12:25.149,0.27014,0.27047,0.02,0.02
2012.06.26 17:12:41.849,0.27016,0.27054,0.02,0.02
2012.06.26 17:12:46.978,0.27014,0.27052,0.04,0.02
2012.06.26 17:12:47.409,0.27007,0.27039,0.04,0.04
2012.06.26 17:12:47.468,0.27008,0.27044,0.03,0.05
2012.06.26 17:12:47.528,0.27006,0.27041,0.02,0.02
2012.06.26 17:12:49.408,0.27003,0.27035,0.02,0.05
2012.06.26 17:12:49.975,0.27004,0.27036,0.02,0.02
2012.06.26 17:12:54.278,0.27007,0.27043,0.02,0.02
2012.06.26 17:13:04.738,0.27008,0.27045,0.02,0.02
2012.06.26 17:13:05.347,0.27015,0.27052,0.02,0.02
2012.06.26 17:13:05.858,0.27018,0.27056,0.02,0.05
2012.06.26 17:13:13.048,0.2702,0.27057,0.02,0.04
2012.06.26 17:13:13.957,0.27019,0.27055,0.02,0.02
2012.06.26 17:13:14.087,0.27016,0.27053,0.02,0.05
2012.06.26 17:13:16.797,0.27019,0.27055,0.02,0.02
2012.06.26 17:13:17.187,0.27017,0.27053,0.02,0.02
2012.06.26 17:13:26.207,0.27009,0.27046,0.02,0.04
2012.06.26 17:13:34.267,0.27012,0.27049,0.02,0.06
2012.06.26 17:13:35.030,0.27014,0.27051,0.04,0.02
2012.06.26 17:13:39.388,0.27013,0.27049,0.04,0.04
2012.06.26 17:13:39.997,0.27013,0.2705,0.04,0.02
2012.06.26 17:13:46.944,0.27016,0.27053,0.02,0.03
2012.06.26 17:13:47.483,0.27016,0.27049,0.02,0.04
2012.06.26 17:13:48.158,0.27018,0.27055,0.02,0.02
2012.06.26 17:13:48.913,0.2702,0.27058,0.02,0.02
2012.06.26 17:13:49.086,0.27017,0.27049,0.02,0.05
2012.06.26 17:13:51.349,0.27018,0.27049,0.02,0.05
2012.06.26 17:14:00.128,0.2702,0.27057,0.02,0.02
2012.06.26 17:14:00.528,0.27013,0.27049,0.05,0.04
2012.06.26 17:14:01.106,0.27011,0.27047,0.02,0.02
2012.06.26 17:14:01.459,0.27007,0.27039,0.04,0.04
2012.06.26 17:14:04.468,0.27011,0.27049,0.02,0.08
2012.06.26 17:14:05.578,0.27007,0.27044,0.02,0.02
2012.06.26 17:14:05.879,0.27008,0.27046,0.02,0.06
2012.06.26 17:14:07.848,0.27011,0.27048,0.02,0.04
2012.06.26 17:14:07.967,0.27012,0.27049,0.02,0.10
2012.06.26 17:14:11.289,0.2701,0.27047,0.02,0.04
2012.06.26 17:14:12.899,0.2701,0.27046,0.02,0.02
2012.06.26 17:14:13.281,0.27006,0.27043,0.02,0.02
2012.06.26 17:14:25.058,0.27004,0.2704,0.03,0.04
2012.06.26 17:14:25.178,0.27002,0.2704,0.02,0.05
2012.06.26 17:14:26.677,0.27004,0.27042,0.04,0.05
2012.06.26 17:14:31.229,0.27005,0.27044,0.02,0.12
2012.06.26 17:14:32.265,0.27004,0.27037,0.02,0.02
2012.06.26 17:14:46.898,0.26997,0.27029,0.02,0.04
2012.06.26 17:14:47.484,0.26994,0.27027,0.02,0.02
2012.06.26 17:14:48.328,0.27004,0.27038,0.03,0.02
2012.06.26 17:14:48.528,0.26995,0.27029,0.02,0.05
2012.06.26 17:14:50.258,0.27003,0.27037,0.03,0.05
2012.06.26 17:15:01.528,0.27002,0.27039,0.02,0.02
2012.06.26 17:15:02.136,0.26996,0.2703,0.04,0.05
2012.06.26 17:15:03.019,0.26999,0.27032,0.02,0.05
2012.06.26 17:15:03.828,0.26999,0.27038,0.03,0.02
2012.06.26 17:15:04.260,0.27008,0.27046,0.02,0.05
2012.06.26 17:15:08.605,0.27005,0.27042,0.02,0.02
2012.06.26 17:15:09.141,0.27,0.27035,0.02,0.02
2012.06.26 17:15:10.308,0.26996,0.27029,0.02,0.05
2012.06.26 17:15:13.053,0.27003,0.27037,0.03,0.06
2012.06.26 17:15:14.167,0.27003,0.27041,0.02,0.02
2012.06.26 17:15:14.498,0.27004,0.27041,0.04,0.03
2012.06.26 17:15:15.239,0.27007,0.27044,0.02,0.02
2012.06.26 17:15:15.298,0.27004,0.27038,0.03,0.02
2012.06.26 17:15:15.418,0.27011,0.27046,0.02,0.04
2012.06.26 17:15:19.371,0.27013,0.2705,0.02,0.05
2012.06.26 17:15:22.037,0.27011,0.27048,0.02,0.02
2012.06.26 17:15:22.277,0.27009,0.27046,0.02,0.02
2012.06.26 17:15:23.970,0.2701,0.27046,0.02,0.04
2012.06.26 17:15:24.264,0.27002,0.2704,0.02,0.05
2012.06.26 17:15:24.568,0.27014,0.27048,0.03,0.02
2012.06.26 17:15:24.820,0.27006,0.27043,0.03,0.02
2012.06.26 17:15:25.415,0.27013,0.2705,0.04,0.05
2012.06.26 17:15:26.662,0.27015,0.27053,0.02,0.05
2012.06.26 17:15:26.728,0.27015,0.2705,0.02,0.02
2012.06.26 17:15:27.547,0.27015,0.2705,0.02,0.06
2012.06.26 17:15:28.502,0.27017,0.27055,0.02,0.06
2012.06.26 17:15:29.858,0.27015,0.27047,0.02,0.02
2012.06.26 17:15:30.378,0.27013,0.27045,0.02,0.02
2012.06.26 17:15:30.678,0.27013,0.27046,0.03,0.02
2012.06.26 17:15:31.286,0.2701,0.27045,0.02,0.02
2012.06.26 17:15:31.648,0.27006,0.2704,0.02,0.05
2012.06.26 17:15:32.188,0.27015,0.27051,0.02,0.02
2012.06.26 17:15:32.449,0.27004,0.2704,0.02,0.05
2012.06.26 17:15:33.469,0.2701,0.27048,0.02,0.02
2012.06.26 17:15:33.804,0.27013,0.2705,0.02,0.08
2012.06.26 17:15:33.868,0.27007,0.2704,0.02,0.05
2012.06.26 17:15:34.080,0.27012,0.27049,0.02,0.02
2012.06.26 17:15:36.828,0.27014,0.27046,0.03,0.04
2012.06.26 17:15:39.386,0.27014,0.27049,0.03,0.04
2012.06.26 17:15:39.918,0.27014,0.27047,0.02,0.06
2012.06.26 17:15:41.338,0.27014,0.27046,0.04,0.04
2012.06.26 17:15:43.587,0.27014,0.27049,0.03,0.04
2012.06.26 17:15:44.114,0.27005,0.27042,0.02,0.02
2012.06.26 17:15:50.228,0.27005,0.2704,0.02,0.02
2012.06.26 17:15:53.670,0.27013,0.27051,0.02,0.04
2012.06.26 17:15:53.788,0.27006,0.27039,0.04,0.05
2012.06.26 17:15:53.968,0.27014,0.27046,0.03,0.04
2012.06.26 17:15:56.198,0.27005,0.27043,0.03,0.02
2012.06.26 17:15:56.509,0.27,0.2704,0.04,0.05
2012.06.26 17:15:57.093,0.27005,0.27042,0.02,0.03
2012.06.26 17:15:57.805,0.27005,0.27043,0.02,0.02
2012.06.26 17:15:58.959,0.27004,0.2704,0.03,0.06
2012.06.26 17:15:59.018,0.26999,0.27035,0.03,0.02
2012.06.26 17:16:00.251,0.27005,0.27043,0.02,0.03
2012.06.26 17:16:02.378,0.27004,0.27043,0.02,0.02
2012.06.26 17:16:05.702,0.27006,0.27044,0.02,0.04
2012.06.26 17:16:07.438,0.27004,0.27043,0.02,0.02
2012.06.26 17:16:08.089,0.26998,0.27029,0.03,0.05
2012.06.26 17:16:08.563,0.27003,0.27039,0.03,0.08
2012.06.26 17:16:10.615,0.26995,0.27029,0.02,0.05
2012.06.26 17:16:11.103,0.27,0.27036,0.02,0.02
2012.06.26 17:16:11.539,0.26994,0.27031,0.03,0.02
2012.06.26 17:16:11.858,0.26991,0.27026,0.02,0.02
2012.06.26 17:16:15.038,0.26989,0.27019,0.02,0.04
2012.06.26 17:16:15.993,0.26994,0.27026,0.02,0.02
2012.06.26 17:16:19.247,0.26997,0.27035,0.02,0.06
2012.06.26 17:16:19.620,0.26999,0.27036,0.02,0.04
2012.06.26 17:16:19.688,0.26993,0.2703,0.03,0.05
2012.06.26 17:16:19.928,0.27001,0.27037,0.02,0.02
2012.06.26 17:16:22.911,0.27003,0.2704,0.02,0.04
2012.06.26 17:16:24.098,0.26997,0.27029,0.02,0.05
2012.06.26 17:16:24.569,0.27005,0.27043,0.02,0.03
2012.06.26 17:16:25.220,0.27,0.27038,0.02,0.02
2012.06.26 17:16:31.758,0.27003,0.27038,0.03,0.02
2012.06.26 17:16:38.808,0.27005,0.27044,0.02,0.03
2012.06.26 17:16:38.928,0.26997,0.27029,0.02,0.04
2012.06.26 17:16:40.911,0.27004,0.27037,0.02,0.02
2012.06.26 17:16:41.258,0.27004,0.27039,0.03,0.02
2012.06.26 17:16:43.788,0.27004,0.27042,0.04,0.04
2012.06.26 17:16:52.158,0.27003,0.2704,0.04,0.08
2012.06.26 17:16:52.543,0.26996,0.2703,0.04,0.05
2012.06.26 17:16:53.629,0.26997,0.27029,0.03,0.05
2012.06.26 17:16:55.928,0.26994,0.27029,0.03,0.05
2012.06.26 17:16:56.544,0.26997,0.27029,0.04,0.04
2012.06.26 17:16:57.349,0.26998,0.27032,0.03,0.02
2012.06.26 17:17:02.118,0.27005,0.27043,0.02,0.02
2012.06.26 17:17:02.669,0.26997,0.2703,0.02,0.05
2012.06.26 17:17:04.048,0.27008,0.27044,0.02,0.03
2012.06.26 17:17:04.189,0.27,0.27039,0.02,0.02
2012.06.26 17:17:04.718,0.27001,0.27039,0.02,0.02
2012.06.26 17:17:05.563,0.27005,0.27039,0.02,0.02
2012.06.26 17:17:05.853,0.2701,0.27047,0.02,0.02
2012.06.26 17:17:25.929,0.27013,0.27049,0.03,0.02
2012.06.26 17:17:28.882,0.27008,0.27039,0.02,0.05
2012.06.26 17:17:29.341,0.27013,0.27049,0.03,0.08
2012.06.26 17:17:31.429,0.27011,0.27042,0.03,0.05
2012.06.26 17:17:31.669,0.27016,0.27053,0.02,0.02
2012.06.26 17:17:32.470,0.27016,0.2705,0.02,0.04
2012.06.26 17:17:38.740,0.27014,0.27052,0.04,0.02
2012.06.26 17:17:39.468,0.27014,0.27046,0.03,0.02
2012.06.26 17:17:40.085,0.27004,0.27037,0.02,0.02
2012.06.26 17:17:40.619,0.27005,0.27039,0.02,0.05
2012.06.26 17:17:41.069,0.2701,0.27048,0.02,0.02
2012.06.26 17:17:41.709,0.27011,0.27046,0.02,0.04
2012.06.26 17:17:42.304,0.27014,0.27049,0.03,0.04
2012.06.26 17:17:43.783,0.2701,0.27041,0.02,0.05
2012.06.26 17:17:44.155,0.27018,0.27054,0.02,0.04
2012.06.26 17:17:44.433,0.2701,0.27046,0.02,0.05
2012.06.26 17:17:59.611,0.27019,0.27057,0.02,0.05
2012.06.26 17:17:59.791,0.27019,0.27054,0.02,0.02
2012.06.26 17:18:00.098,0.27021,0.27059,0.02,0.02
2012.06.26 17:18:01.838,0.27018,0.27055,0.02,0.05
2012.06.26 17:18:02.938,0.2701,0.2705,0.02,0.05
2012.06.26 17:18:03.685,0.27017,0.27055,0.02,0.02
2012.06.26 17:18:04.868,0.27019,0.27056,0.02,0.04
2012.06.26 17:18:12.038,0.27017,0.27055,0.02,0.06
2012.06.26 17:18:17.378,0.27018,0.27055,0.02,0.03
2012.06.26 17:18:20.738,0.27013,0.2705,0.02,0.05
2012.06.26 17:18:21.889,0.27024,0.27059,0.03,0.04
2012.06.26 17:18:32.353,0.27018,0.27055,0.02,0.05
2012.06.26 17:18:42.119,0.27023,0.27059,0.03,0.04
2012.06.26 17:18:43.708,0.2702,0.27057,0.02,0.02
2012.06.26 17:18:46.847,0.27022,0.27058,0.02,0.03
2012.06.26 17:18:47.435,0.2702,0.27057,0.02,0.04
2012.06.26 17:18:50.838,0.27018,0.27056,0.02,0.05
2012.06.26 17:18:50.919,0.27014,0.27046,0.03,0.02
2012.06.26 17:18:51.424,0.27007,0.27039,0.03,0.05
2012.06.26 17:18:54.387,0.27012,0.27049,0.02,0.08
2012.06.26 17:18:58.508,0.27003,0.27039,0.03,0.05
2012.06.26 17:18:58.568,0.27007,0.27044,0.02,0.02
2012.06.26 17:18:58.702,0.27002,0.27039,0.02,0.05
2012.06.26 17:19:02.229,0.26999,0.27038,0.03,0.03
2012.06.26 17:19:02.291,0.27005,0.27043,0.02,0.03
2012.06.26 17:19:04.211,0.27007,0.27044,0.02,0.02
2012.06.26 17:19:04.521,0.27003,0.27039,0.02,0.02
2012.06.26 17:19:05.085,0.27006,0.27044,0.02,0.02
2012.06.26 17:19:06.638,0.27005,0.27042,0.02,0.02
2012.06.26 17:19:06.698,0.27004,0.27036,0.02,0.06
2012.06.26 17:19:07.588,0.27003,0.2704,0.03,0.05
2012.06.26 17:19:08.098,0.27003,0.27034,0.02,0.02
2012.06.26 17:19:08.228,0.26998,0.2703,0.03,0.05
2012.06.26 17:19:11.309,0.27005,0.27043,0.02,0.05
2012.06.26 17:19:11.833,0.27005,0.27039,0.02,0.04
2012.06.26 17:19:13.152,0.27004,0.27037,0.02,0.02
2012.06.26 17:19:13.480,0.2701,0.27049,0.02,0.09
2012.06.26 17:19:13.950,0.27013,0.2705,0.02,0.05
2012.06.26 17:19:14.362,0.27013,0.27047,0.02,0.02
2012.06.26 17:19:14.718,0.27007,0.27044,0.04,0.02
2012.06.26 17:19:15.350,0.27008,0.27044,0.02,0.02
2012.06.26 17:19:19.038,0.27016,0.27053,0.02,0.05
2012.06.26 17:19:19.202,0.27016,0.27053,0.02,0.05
2012.06.26 17:19:19.588,0.27019,0.27055,0.02,0.05
2012.06.26 17:19:19.750,0.27013,0.27049,0.03,0.05
2012.06.26 17:19:19.973,0.27011,0.27049,0.02,0.05
2012.06.26 17:19:20.269,0.27015,0.27053,0.02,0.02
2012.06.26 17:19:20.742,0.27008,0.27046,0.03,0.02
2012.06.26 17:19:21.555,0.27014,0.27046,0.02,0.04
2012.06.26 17:19:26.901,0.27007,0.27039,0.04,0.05
2012.06.26 17:19:29.179,0.27011,0.27047,0.02,0.04
2012.06.26 17:19:30.091,0.27007,0.27043,0.02,0.02
2012.06.26 17:19:30.492,0.27014,0.27051,0.02,0.02
2012.06.26 17:19:31.008,0.27016,0.27052,0.02,0.04
2012.06.26 17:19:31.962,0.27009,0.27045,0.02,0.02
2012.06.26 17:19:34.269,0.27016,0.27054,0.02,0.06
2012.06.26 17:19:34.388,0.27011,0.27049,0.02,0.05
2012.06.26 17:19:34.930,0.27014,0.27049,0.02,0.05
2012.06.26 17:19:42.626,0.27023,0.27057,0.03,0.04
2012.06.26 17:19:43.018,0.27023,0.27059,0.03,0.08
2012.06.26 17:19:43.138,0.27018,0.27055,0.02,0.02
2012.06.26 17:19:49.568,0.2701,0.27046,0.02,0.03
2012.06.26 17:19:49.688,0.27014,0.2705,0.03,0.02
2012.06.26 17:19:50.399,0.27015,0.27051,0.02,0.03
2012.06.26 17:19:50.808,0.27017,0.27053,0.02,0.02
2012.06.26 17:19:50.929,0.27018,0.27056,0.02,0.05
2012.06.26 17:19:51.359,0.27024,0.27059,0.03,0.08
2012.06.26 17:19:52.559,0.27024,0.27054,0.02,0.04
2012.06.26 17:20:04.850,0.27023,0.27056,0.03,0.02
2012.06.26 17:20:04.909,0.27023,0.2706,0.04,0.04
2012.06.26 17:20:08.731,0.27025,0.27063,0.02,0.03
2012.06.26 17:20:08.848,0.27025,0.2706,0.02,0.02
2012.06.26 17:20:09.368,0.27025,0.27056,0.02,0.02
2012.06.26 17:20:12.068,0.27026,0.27064,0.02,0.06
2012.06.26 17:20:17.478,0.27029,0.27067,0.02,0.05
2012.06.26 17:20:17.539,0.27022,0.27059,0.02,0.05
2012.06.26 17:20:18.068,0.27022,0.27059,0.02,0.05
2012.06.26 17:20:25.458,0.27034,0.27066,0.03,0.04
2012.06.26 17:20:26.189,0.27034,0.27066,0.03,0.04
2012.06.26 17:20:27.658,0.27033,0.27072,0.04,0.02
2012.06.26 17:20:28.299,0.27025,0.27065,0.03,0.02
2012.06.26 17:20:28.419,0.27036,0.27074,0.02,0.05
2012.06.26 17:20:28.539,0.27032,0.27066,0.02,0.02
2012.06.26 17:20:40.408,0.27038,0.27075,0.02,0.02
2012.06.26 17:20:46.408,0.27036,0.27073,0.02,0.04
2012.06.26 17:20:51.689,0.27038,0.27077,0.02,0.05
2012.06.26 17:21:02.588,0.27043,0.27077,0.03,0.06
2012.06.26 17:21:03.566,0.27043,0.27077,0.03,0.06
2012.06.26 17:21:04.728,0.27044,0.27079,0.03,0.10
2012.06.26 17:21:05.359,0.27044,0.27076,0.03,0.04
2012.06.26 17:21:06.516,0.27042,0.27074,0.03,0.02
2012.06.26 17:21:07.056,0.27036,0.27069,0.02,0.02
2012.06.26 17:21:11.540,0.27044,0.27074,0.02,0.05
2012.06.26 17:21:14.418,0.27044,0.27076,0.03,0.05
2012.06.26 17:21:15.729,0.27043,0.27077,0.03,0.04
2012.06.26 17:21:18.668,0.27043,0.27079,0.03,0.06
2012.06.26 17:21:18.989,0.27044,0.27081,0.03,0.02
2012.06.26 17:21:24.538,0.27043,0.2708,0.03,0.09
2012.06.26 17:21:39.329,0.2704,0.27073,0.04,0.05
2012.06.26 17:21:47.375,0.27045,0.27082,0.02,0.02
2012.06.26 17:21:47.907,0.27045,0.2708,0.02,0.04
2012.06.26 17:21:53.268,0.27048,0.27084,0.02,0.02
2012.06.26 17:21:54.590,0.2705,0.27086,0.02,0.06
2012.06.26 17:22:10.080,0.27053,0.27089,0.03,0.02
2012.06.26 17:22:26.969,0.27053,0.27086,0.03,0.02
2012.06.26 17:22:29.428,0.27054,0.2709,0.03,0.08
2012.06.26 17:22:33.048,0.27054,0.27089,0.03,0.03
2012.06.26 17:22:35.339,0.27044,0.2708,0.02,0.05
2012.06.26 17:22:35.399,0.27054,0.27086,0.03,0.06
2012.06.26 17:22:44.524,0.27054,0.27089,0.03,0.03
2012.06.26 17:22:45.289,0.27054,0.2709,0.04,0.08
2012.06.26 17:22:47.059,0.27057,0.27094,0.02,0.02
2012.06.26 17:22:47.457,0.27058,0.27095,0.02,0.02
2012.06.26 17:22:49.241,0.27056,0.27093,0.02,0.02
2012.06.26 17:23:09.365,0.27055,0.27093,0.02,0.04
2012.06.26 17:23:12.238,0.27057,0.27095,0.02,0.06
2012.06.26 17:23:13.539,0.27054,0.27089,0.02,0.02
2012.06.26 17:23:14.122,0.27059,0.27096,0.02,0.06
2012.06.26 17:23:15.788,0.27063,0.27099,0.03,0.05
2012.06.26 17:23:16.569,0.27064,0.27096,0.03,0.04
2012.06.26 17:23:32.501,0.27065,0.27102,0.02,0.04
2012.06.26 17:23:32.994,0.27065,0.27099,0.02,0.04
2012.06.26 17:23:40.937,0.27064,0.27101,0.02,0.02
2012.06.26 17:23:45.661,0.27073,0.27107,0.03,0.04
2012.06.26 17:23:45.811,0.27062,0.271,0.02,0.02
2012.06.26 17:23:45.929,0.27066,0.271,0.02,0.02
2012.06.26 17:23:47.449,0.27077,0.27113,0.02,0.02
2012.06.26 17:23:49.740,0.27074,0.27109,0.03,0.02
2012.06.26 17:23:51.919,0.27073,0.2711,0.04,0.02
2012.06.26 17:23:52.676,0.27073,0.27107,0.04,0.02
2012.06.26 17:23:53.028,0.27066,0.27103,0.02,0.02
2012.06.26 17:23:53.652,0.27074,0.27108,0.03,0.02
2012.06.26 17:23:55.279,0.27068,0.27105,0.02,0.02
2012.06.26 17:23:57.178,0.27073,0.2711,0.04,0.04
2012.06.26 17:23:57.300,0.2707,0.27102,0.02,0.05
2012.06.26 17:23:58.709,0.27075,0.27113,0.02,0.02
2012.06.26 17:23:58.830,0.27079,0.27115,0.02,0.02
2012.06.26 17:24:03.419,0.27084,0.27116,0.02,0.04
2012.06.26 17:24:03.720,0.27091,0.27128,0.02,0.02
2012.06.26 17:24:04.389,0.27093,0.27129,0.03,0.02
2012.06.26 17:24:04.508,0.27094,0.27126,0.05,0.06
2012.06.26 17:24:05.012,0.27093,0.27131,0.04,0.02
2012.06.26 17:24:05.809,0.27093,0.27129,0.03,0.04
2012.06.26 17:24:06.019,0.27094,0.27131,0.02,0.02
2012.06.26 17:24:06.558,0.27098,0.27135,0.02,0.04
2012.06.26 17:24:07.099,0.27094,0.27129,0.03,0.05
2012.06.26 17:24:07.830,0.27104,0.27137,0.03,0.02
2012.06.26 17:24:08.078,0.27104,0.27136,0.03,0.04
2012.06.26 17:24:08.490,0.27103,0.27134,0.03,0.02
2012.06.26 17:24:08.609,0.27089,0.27127,0.02,0.03
2012.06.26 17:24:08.728,0.27094,0.27128,0.03,0.02
2012.06.26 17:24:09.231,0.27089,0.27128,0.03,0.02
2012.06.26 17:24:09.568,0.27093,0.2713,0.04,0.08
2012.06.26 17:24:09.939,0.27093,0.27127,0.03,0.05
2012.06.26 17:24:10.129,0.27093,0.27124,0.03,0.05
2012.06.26 17:24:13.060,0.27094,0.27126,0.03,0.06
2012.06.26 17:24:14.099,0.27093,0.27127,0.03,0.06
2012.06.26 17:24:14.218,0.27093,0.27126,0.03,0.02
2012.06.26 17:24:14.552,0.27093,0.27127,0.03,0.06
2012.06.26 17:24:14.920,0.27094,0.2713,0.03,0.06
2012.06.26 17:24:17.659,0.27096,0.27133,0.02,0.04
2012.06.26 17:24:18.519,0.27093,0.27128,0.03,0.02
2012.06.26 17:24:18.830,0.27095,0.27133,0.02,0.02
2012.06.26 17:24:20.419,0.27098,0.27135,0.02,0.02
2012.06.26 17:24:20.921,0.27096,0.27133,0.02,0.02
2012.06.26 17:24:21.450,0.27104,0.27134,0.02,0.02
2012.06.26 17:24:21.600,0.27104,0.27135,0.03,0.06
2012.06.26 17:24:24.145,0.27095,0.27129,0.03,0.02
2012.06.26 17:24:24.649,0.27104,0.27135,0.03,0.02
2012.06.26 17:24:28.569,0.27103,0.27137,0.03,0.04
2012.06.26 17:24:30.339,0.27104,0.27136,0.03,0.05
2012.06.26 17:24:31.099,0.27103,0.27135,0.03,0.02
2012.06.26 17:24:32.499,0.27095,0.27132,0.02,0.02
2012.06.26 17:24:32.580,0.27094,0.2713,0.03,0.04
2012.06.26 17:24:33.290,0.27094,0.27126,0.02,0.06
2012.06.26 17:24:33.469,0.27093,0.27128,0.03,0.02
2012.06.26 17:24:34.721,0.27098,0.27135,0.02,0.05
2012.06.26 17:24:35.549,0.27096,0.27134,0.02,0.02
2012.06.26 17:24:37.709,0.27098,0.27136,0.02,0.03
2012.06.26 17:24:38.258,0.27103,0.27137,0.03,0.05
2012.06.26 17:24:39.029,0.27104,0.27137,0.03,0.02
2012.06.26 17:24:39.841,0.27104,0.2714,0.03,0.08
2012.06.26 17:24:40.212,0.27113,0.27144,0.02,0.03
2012.06.26 17:24:40.338,0.27105,0.27139,0.03,0.05
2012.06.26 17:24:40.400,0.27113,0.27149,0.03,0.10
2012.06.26 17:24:41.350,0.27114,0.27146,0.02,0.04
2012.06.26 17:24:42.570,0.27113,0.27149,0.03,0.06
2012.06.26 17:24:42.749,0.27115,0.27153,0.02,0.06
2012.06.26 17:24:42.869,0.27117,0.27154,0.02,0.02
2012.06.26 17:24:43.179,0.27112,0.27146,0.02,0.02
2012.06.26 17:24:43.299,0.27114,0.27152,0.04,0.02
2012.06.26 17:24:43.619,0.27116,0.27153,0.02,0.02
2012.06.26 17:24:43.938,0.27115,0.27151,0.02,0.02
2012.06.26 17:24:44.592,0.27113,0.27149,0.04,0.04
2012.06.26 17:24:44.839,0.27107,0.27139,0.03,0.02
2012.06.26 17:24:45.088,0.27108,0.27145,0.02,0.02
2012.06.26 17:24:45.389,0.27113,0.27143,0.02,0.02
2012.06.26 17:24:45.839,0.27099,0.27132,0.02,0.02
2012.06.26 17:24:46.139,0.27103,0.27139,0.03,0.02
2012.06.26 17:24:46.458,0.27107,0.27143,0.02,0.02
2012.06.26 17:24:46.671,0.27104,0.2714,0.04,0.08
2012.06.26 17:24:46.849,0.27104,0.27138,0.03,0.02
2012.06.26 17:24:47.099,0.27103,0.27137,0.04,0.02
2012.06.26 17:24:51.065,0.27103,0.27139,0.03,0.10
2012.06.26 17:24:52.619,0.27107,0.27144,0.02,0.02
2012.06.26 17:24:53.296,0.27108,0.27145,0.02,0.02
2012.06.26 17:24:55.309,0.27114,0.27149,0.03,0.02
2012.06.26 17:24:57.169,0.27114,0.27146,0.03,0.04
2012.06.26 17:24:57.679,0.27115,0.27154,0.02,0.11
2012.06.26 17:24:58.202,0.27111,0.27145,0.02,0.05
2012.06.26 17:24:58.688,0.27114,0.27149,0.03,0.02
2012.06.26 17:24:59.139,0.27114,0.27147,0.03,0.02
2012.06.26 17:25:00.779,0.27103,0.2714,0.02,0.05
2012.06.26 17:25:00.990,0.27106,0.27138,0.02,0.02
2012.06.26 17:25:01.636,0.27105,0.27138,0.02,0.02
2012.06.26 17:25:02.278,0.27105,0.27142,0.02,0.02
2012.06.26 17:25:02.539,0.27106,0.27139,0.02,0.02
2012.06.26 17:25:02.724,0.27109,0.27146,0.02,0.02
2012.06.26 17:25:03.899,0.2711,0.27142,0.02,0.02
2012.06.26 17:25:04.374,0.27113,0.27147,0.04,0.04
2012.06.26 17:25:06.459,0.27115,0.27153,0.02,0.03
2012.06.26 17:25:06.709,0.27114,0.27146,0.03,0.04
2012.06.26 17:25:07.290,0.27107,0.27139,0.03,0.04
2012.06.26 17:25:07.490,0.27108,0.27145,0.02,0.02
2012.06.26 17:25:07.996,0.27114,0.27149,0.03,0.09
2012.06.26 17:25:08.309,0.27111,0.27143,0.03,0.05
2012.06.26 17:25:08.641,0.27114,0.27147,0.02,0.02
2012.06.26 17:25:10.319,0.27116,0.27152,0.02,0.02
2012.06.26 17:25:17.118,0.27117,0.27154,0.02,0.03
2012.06.26 17:25:17.928,0.27118,0.27155,0.02,0.04
2012.06.26 17:25:18.511,0.27124,0.27156,0.02,0.07
2012.06.26 17:25:19.501,0.27112,0.27144,0.02,0.02
2012.06.26 17:25:19.840,0.27111,0.27144,0.03,0.02
2012.06.26 17:25:20.426,0.27103,0.27136,0.03,0.02
2012.06.26 17:25:21.890,0.27114,0.27151,0.02,0.02
2012.06.26 17:25:22.027,0.2711,0.27143,0.02,0.05
2012.06.26 17:25:25.829,0.27113,0.27148,0.03,0.02
2012.06.26 17:25:27.415,0.27107,0.27139,0.02,0.05
2012.06.26 17:25:27.539,0.27114,0.27146,0.03,0.04
2012.06.26 17:25:34.988,0.27114,0.27145,0.03,0.02
2012.06.26 17:25:40.794,0.2711,0.27143,0.03,0.05
2012.06.26 17:25:43.289,0.27105,0.27139,0.02,0.05
2012.06.26 17:25:43.855,0.27113,0.27143,0.02,0.04
2012.06.26 17:25:46.240,0.27104,0.27139,0.04,0.05
2012.06.26 17:25:47.618,0.27113,0.27143,0.02,0.04
2012.06.26 17:25:48.918,0.27114,0.27144,0.02,0.02
2012.06.26 17:25:51.795,0.27104,0.27137,0.02,0.03
2012.06.26 17:25:54.929,0.27103,0.27142,0.04,0.03
2012.06.26 17:25:59.519,0.27107,0.27143,0.02,0.04
2012.06.26 17:25:59.759,0.27107,0.27142,0.02,0.02
2012.06.26 17:26:00.052,0.27113,0.27146,0.03,0.02
2012.06.26 17:26:09.970,0.27113,0.27147,0.03,0.02
2012.06.26 17:26:10.429,0.27115,0.27152,0.02,0.02
2012.06.26 17:26:11.194,0.27115,0.27149,0.02,0.04
2012.06.26 17:26:13.588,0.27115,0.27149,0.02,0.05
2012.06.26 17:26:13.649,0.27116,0.27153,0.02,0.04
2012.06.26 17:26:14.007,0.27124,0.27156,0.03,0.06
2012.06.26 17:26:14.574,0.27118,0.27154,0.02,0.02
2012.06.26 17:26:23.939,0.27123,0.27154,0.03,0.02
2012.06.26 17:26:25.289,0.27117,0.27152,0.03,0.02
2012.06.26 17:26:25.349,0.27124,0.27156,0.03,0.05
2012.06.26 17:26:25.982,0.27124,0.27159,0.03,0.11
2012.06.26 17:26:26.439,0.27123,0.2716,0.04,0.04
2012.06.26 17:26:26.499,0.27124,0.2716,0.03,0.04
2012.06.26 17:26:26.560,0.27124,0.2716,0.03,0.05
2012.06.26 17:26:26.619,0.27134,0.27164,0.02,0.02
2012.06.26 17:26:26.680,0.27126,0.2716,0.02,0.05
2012.06.26 17:26:27.217,0.27133,0.27163,0.02,0.02
2012.06.26 17:26:27.490,0.27124,0.2716,0.04,0.05
2012.06.26 17:26:28.019,0.27124,0.2716,0.05,0.05
2012.06.26 17:26:28.500,0.27126,0.27165,0.02,0.02
2012.06.26 17:26:28.564,0.27126,0.27164,0.02,0.02
2012.06.26 17:26:28.717,0.27124,0.27162,0.03,0.02
2012.06.26 17:26:29.392,0.27123,0.27157,0.04,0.03
2012.06.26 17:26:29.459,0.2712,0.27157,0.04,0.03
2012.06.26 17:26:29.519,0.27123,0.27157,0.03,0.03
2012.06.26 17:26:30.076,0.2712,0.27157,0.03,0.02
2012.06.26 17:26:30.481,0.27124,0.2716,0.03,0.06
2012.06.26 17:26:31.659,0.27121,0.27159,0.02,0.02
2012.06.26 17:26:33.930,0.27121,0.27159,0.02,0.02
2012.06.26 17:26:33.988,0.27124,0.27158,0.03,0.02
2012.06.26 17:26:34.404,0.27119,0.27149,0.02,0.04
2012.06.26 17:26:34.919,0.27118,0.27149,0.02,0.05
2012.06.26 17:26:35.605,0.27124,0.27156,0.03,0.06
2012.06.26 17:26:41.879,0.27124,0.27157,0.03,0.02
2012.06.26 17:26:42.120,0.27123,0.27159,0.04,0.04
2012.06.26 17:26:45.595,0.2712,0.27159,0.05,0.05
2012.06.26 17:26:45.965,0.27123,0.27159,0.04,0.05
2012.06.26 17:26:49.140,0.27125,0.27163,0.02,0.05
2012.06.26 17:26:51.139,0.27125,0.27159,0.02,0.05
2012.06.26 17:26:57.859,0.27124,0.27162,0.02,0.02
2012.06.26 17:26:58.596,0.27124,0.2716,0.03,0.04
2012.06.26 17:27:05.359,0.27126,0.27163,0.02,0.02
2012.06.26 17:27:06.632,0.27124,0.2716,0.03,0.04
2012.06.26 17:27:11.499,0.2712,0.27156,0.03,0.03
2012.06.26 17:27:11.641,0.27124,0.27156,0.03,0.03
2012.06.26 17:27:12.187,0.27119,0.27155,0.02,0.02
2012.06.26 17:27:14.209,0.27115,0.27149,0.02,0.05
2012.06.26 17:27:14.759,0.27114,0.27149,0.02,0.05
2012.06.26 17:27:15.515,0.27123,0.27154,0.02,0.02
2012.06.26 17:27:16.239,0.27114,0.27149,0.02,0.05
2012.06.26 17:27:19.168,0.27124,0.27154,0.02,0.02
2012.06.26 17:27:19.229,0.27114,0.27149,0.02,0.05
2012.06.26 17:27:20.953,0.27124,0.27154,0.02,0.02
2012.06.26 17:27:21.503,0.27123,0.27154,0.02,0.02
2012.06.26 17:27:23.763,0.27115,0.27149,0.02,0.05
2012.06.26 17:27:24.516,0.27122,0.27155,0.03,0.02
2012.06.26 17:27:25.229,0.27117,0.2715,0.03,0.04
2012.06.26 17:27:26.133,0.27124,0.27156,0.02,0.08
2012.06.26 17:27:26.656,0.27117,0.2715,0.03,0.04
2012.06.26 17:27:31.023,0.27116,0.2715,0.02,0.05
2012.06.26 17:27:36.239,0.27124,0.27156,0.02,0.06
2012.06.26 17:27:36.689,0.27124,0.27155,0.02,0.03
2012.06.26 17:27:42.409,0.27116,0.27154,0.02,0.02
2012.06.26 17:27:43.105,0.27116,0.27154,0.02,0.02
2012.06.26 17:27:43.849,0.27123,0.27154,0.03,0.05
2012.06.26 17:27:45.509,0.27123,0.27154,0.02,0.05
2012.06.26 17:27:46.989,0.27121,0.27154,0.03,0.05
2012.06.26 17:27:49.159,0.27124,0.27154,0.02,0.04
2012.06.26 17:27:51.770,0.27116,0.27153,0.02,0.02
2012.06.26 17:27:54.031,0.27123,0.27155,0.02,0.02
2012.06.26 17:27:56.986,0.27116,0.27147,0.02,0.03
2012.06.26 17:27:57.109,0.27114,0.27146,0.03,0.03
2012.06.26 17:27:57.719,0.27113,0.27143,0.02,0.05
2012.06.26 17:28:05.383,0.27107,0.27139,0.02,0.05
2012.06.26 17:28:08.820,0.27104,0.27139,0.03,0.05
2012.06.26 17:28:13.319,0.27114,0.27147,0.03,0.02
2012.06.26 17:28:18.415,0.27113,0.27146,0.03,0.05
2012.06.26 17:28:19.839,0.27104,0.27139,0.03,0.05
2012.06.26 17:28:20.923,0.27108,0.27145,0.03,0.02
2012.06.26 17:28:20.990,0.27114,0.27147,0.03,0.02
2012.06.26 17:28:21.480,0.27106,0.27146,0.02,0.07
2012.06.26 17:28:21.540,0.27114,0.27145,0.03,0.02
2012.06.26 17:28:22.880,0.27098,0.27134,0.02,0.02
2012.06.26 17:28:22.939,0.27098,0.27134,0.02,0.02
2012.06.26 17:28:23.449,0.27104,0.27134,0.02,0.02
2012.06.26 17:28:23.563,0.27093,0.27129,0.02,0.05
2012.06.26 17:28:24.089,0.27094,0.27129,0.02,0.05
2012.06.26 17:28:25.379,0.27096,0.27129,0.03,0.05
2012.06.26 17:28:27.820,0.27104,0.27136,0.03,0.07
2012.06.26 17:28:27.879,0.27099,0.27136,0.02,0.05
2012.06.26 17:28:36.039,0.27104,0.27136,0.02,0.03
2012.06.26 17:28:36.159,0.27104,0.27139,0.03,0.02
2012.06.26 17:28:36.541,0.27113,0.27143,0.02,0.05
2012.06.26 17:28:36.890,0.27104,0.27138,0.03,0.02
2012.06.26 17:28:39.591,0.27099,0.27129,0.02,0.04
2012.06.26 17:28:46.741,0.27104,0.27139,0.03,0.04
2012.06.26 17:28:49.450,0.27104,0.27141,0.04,0.02
2012.06.26 17:28:50.279,0.27106,0.27143,0.02,0.02
2012.06.26 17:28:50.339,0.27106,0.27143,0.02,0.02
2012.06.26 17:28:51.320,0.27104,0.27141,0.02,0.02
2012.06.26 17:28:54.950,0.27103,0.27139,0.02,0.05
2012.06.26 17:28:55.657,0.27104,0.27139,0.03,0.05
2012.06.26 17:28:55.833,0.27104,0.27139,0.03,0.05
2012.06.26 17:28:55.902,0.27101,0.27139,0.02,0.05
2012.06.26 17:28:56.309,0.271,0.2713,0.02,0.04
2012.06.26 17:28:58.160,0.27104,0.2714,0.04,0.08
2012.06.26 17:28:58.689,0.27103,0.27139,0.04,0.04
2012.06.26 17:28:59.171,0.27103,0.2714,0.04,0.05
2012.06.26 17:29:00.659,0.27103,0.2714,0.02,0.05
2012.06.26 17:29:01.227,0.27103,0.27139,0.03,0.02
2012.06.26 17:29:01.609,0.271,0.2713,0.03,0.04
2012.06.26 17:29:06.029,0.27106,0.27143,0.02,0.03
2012.06.26 17:29:06.569,0.27105,0.2714,0.02,0.05
2012.06.26 17:29:08.289,0.27106,0.27143,0.02,0.04
2012.06.26 17:29:08.879,0.27106,0.27144,0.02,0.02
2012.06.26 17:29:09.009,0.27106,0.27144,0.02,0.02
2012.06.26 17:29:09.069,0.2711,0.27147,0.02,0.04
2012.06.26 17:29:09.440,0.27112,0.27147,0.02,0.05
2012.06.26 17:29:09.499,0.27109,0.27147,0.02,0.06
2012.06.26 17:29:12.099,0.27103,0.2714,0.02,0.05
2012.06.26 17:29:12.159,0.27103,0.27138,0.03,0.02
2012.06.26 17:29:12.629,0.271,0.2713,0.02,0.04
2012.06.26 17:29:24.310,0.27103,0.27137,0.03,0.02
2012.06.26 17:29:27.319,0.27103,0.27137,0.03,0.02
2012.06.26 17:29:28.679,0.27104,0.27134,0.03,0.05
2012.06.26 17:29:28.799,0.27099,0.2713,0.03,0.04
2012.06.26 17:29:28.860,0.27095,0.2713,0.02,0.04
2012.06.26 17:29:30.151,0.27096,0.27134,0.02,0.04
2012.06.26 17:29:30.232,0.27096,0.2713,0.02,0.05
2012.06.26 17:29:30.299,0.27098,0.27135,0.02,0.04
2012.06.26 17:29:30.509,0.27095,0.27132,0.02,0.05
2012.06.26 17:29:30.689,0.27095,0.27133,0.02,0.02
2012.06.26 17:29:31.749,0.27097,0.27136,0.02,0.03
2012.06.26 17:29:31.809,0.27097,0.27129,0.02,0.05
2012.06.26 17:29:32.532,0.27098,0.27132,0.02,0.05
2012.06.26 17:29:35.439,0.27095,0.27129,0.02,0.05
2012.06.26 17:29:35.499,0.27096,0.27133,0.02,0.04
2012.06.26 17:29:36.126,0.27095,0.27132,0.02,0.02
2012.06.26 17:29:36.439,0.27094,0.27129,0.02,0.05
2012.06.26 17:29:36.560,0.27095,0.27132,0.02,0.02
2012.06.26 17:29:36.620,0.27094,0.27129,0.03,0.04
2012.06.26 17:29:37.147,0.27094,0.27129,0.03,0.05
2012.06.26 17:29:39.620,0.27095,0.27132,0.02,0.02
2012.06.26 17:29:41.658,0.27094,0.27129,0.03,0.05
2012.06.26 17:29:42.851,0.27088,0.27119,0.02,0.04
2012.06.26 17:29:44.840,0.27093,0.2713,0.03,0.05
2012.06.26 17:29:45.169,0.27093,0.2713,0.04,0.04
2012.06.26 17:29:45.656,0.27094,0.2713,0.02,0.05
2012.06.26 17:29:46.139,0.27095,0.27132,0.02,0.02
2012.06.26 17:29:49.879,0.27093,0.2713,0.03,0.05
2012.06.26 17:29:50.179,0.27091,0.27126,0.03,0.05
2012.06.26 17:29:50.431,0.27094,0.2713,0.03,0.06
2012.06.26 17:29:51.926,0.27093,0.2713,0.04,0.04
2012.06.26 17:29:52.049,0.27094,0.2713,0.03,0.05
2012.06.26 17:29:52.849,0.27096,0.27133,0.02,0.02
2012.06.26 17:29:54.791,0.27092,0.2713,0.02,0.05
2012.06.26 17:29:55.116,0.27094,0.2713,0.03,0.04
2012.06.26 17:29:58.759,0.27093,0.2713,0.03,0.06
2012.06.26 17:30:01.472,0.27094,0.27128,0.03,0.02
2012.06.26 17:30:02.431,0.27089,0.2712,0.03,0.04
2012.06.26 17:30:04.821,0.27093,0.2713,0.03,0.09
2012.06.26 17:30:05.990,0.27094,0.27127,0.03,0.02
2012.06.26 17:30:06.120,0.27094,0.27124,0.03,0.04
2012.06.26 17:30:06.652,0.2709,0.27122,0.03,0.02
2012.06.26 17:30:07.329,0.27093,0.27123,0.02,0.04
2012.06.26 17:30:09.399,0.27085,0.27116,0.03,0.02
2012.06.26 17:30:09.460,0.27079,0.27115,0.02,0.02
2012.06.26 17:30:09.799,0.27076,0.27115,0.02,0.02
2012.06.26 17:30:09.980,0.27076,0.2711,0.02,0.05
2012.06.26 17:30:10.429,0.27073,0.2711,0.03,0.05
2012.06.26 17:30:10.501,0.27073,0.2711,0.03,0.05
2012.06.26 17:30:10.880,0.27077,0.27114,0.02,0.05
2012.06.26 17:30:11.193,0.27084,0.27116,0.03,0.04
2012.06.26 17:30:11.549,0.27084,0.27118,0.03,0.02
2012.06.26 17:30:13.459,0.27079,0.2711,0.02,0.04
2012.06.26 17:30:14.222,0.27083,0.27116,0.03,0.04
2012.06.26 17:30:14.350,0.27083,0.27116,0.03,0.05
2012.06.26 17:30:14.791,0.27077,0.2711,0.02,0.05
2012.06.26 17:30:14.909,0.27078,0.27116,0.02,0.05
2012.06.26 17:30:14.970,0.27084,0.27119,0.03,0.04
2012.06.26 17:30:15.371,0.27084,0.27115,0.02,0.05
2012.06.26 17:30:16.048,0.2708,0.27116,0.02,0.02
2012.06.26 17:30:16.291,0.27078,0.27115,0.02,0.02
2012.06.26 17:30:19.140,0.27083,0.27117,0.03,0.05
2012.06.26 17:30:26.340,0.27078,0.27109,0.03,0.04
2012.06.26 17:30:34.629,0.27083,0.27119,0.03,0.08
2012.06.26 17:30:34.749,0.27083,0.27119,0.03,0.10
2012.06.26 17:30:35.602,0.27085,0.27122,0.02,0.02
2012.06.26 17:30:36.370,0.27086,0.27124,0.02,0.02
2012.06.26 17:30:36.443,0.27094,0.27125,0.02,0.02
2012.06.26 17:30:36.730,0.27094,0.27125,0.03,0.02
2012.06.26 17:30:37.327,0.27093,0.27123,0.02,0.02
2012.06.26 17:30:37.620,0.27093,0.27124,0.03,0.04
2012.06.26 17:30:38.290,0.27085,0.27122,0.02,0.02
2012.06.26 17:30:45.719,0.27083,0.27123,0.03,0.03
2012.06.26 17:30:47.903,0.27087,0.27123,0.02,0.02
2012.06.26 17:30:51.341,0.27085,0.27122,0.03,0.02
2012.06.26 17:30:52.760,0.2708,0.27119,0.02,0.05
2012.06.26 17:30:52.819,0.27083,0.27119,0.03,0.04
2012.06.26 17:30:53.229,0.2708,0.27118,0.03,0.03
2012.06.26 17:30:54.663,0.27094,0.27125,0.02,0.05
2012.06.26 17:30:54.731,0.27091,0.27123,0.03,0.03
2012.06.26 17:30:55.830,0.27081,0.2712,0.02,0.05
2012.06.26 17:30:56.045,0.27084,0.2712,0.02,0.05
2012.06.26 17:30:56.419,0.27083,0.2712,0.04,0.04
2012.06.26 17:31:02.020,0.27084,0.27116,0.02,0.02
2012.06.26 17:31:02.570,0.27083,0.27116,0.03,0.04
2012.06.26 17:31:03.023,0.27077,0.27115,0.02,0.03
2012.06.26 17:31:03.090,0.27074,0.27109,0.03,0.06
2012.06.26 17:31:03.641,0.27069,0.27107,0.02,0.02
2012.06.26 17:31:04.221,0.27074,0.27106,0.03,0.03
2012.06.26 17:31:04.770,0.27065,0.27099,0.02,0.05
2012.06.26 17:31:05.157,0.27071,0.27103,0.02,0.05
2012.06.26 17:31:05.521,0.27072,0.27106,0.02,0.03
2012.06.26 17:31:05.876,0.27074,0.27106,0.03,0.03
2012.06.26 17:31:08.040,0.27074,0.27113,0.03,0.02
2012.06.26 17:31:08.765,0.27077,0.27114,0.02,0.03
2012.06.26 17:31:09.470,0.27074,0.27114,0.02,0.02
2012.06.26 17:31:09.829,0.27084,0.27119,0.02,0.07
2012.06.26 17:31:10.580,0.27085,0.27122,0.02,0.02
2012.06.26 17:31:11.120,0.2708,0.27119,0.02,0.07
2012.06.26 17:31:11.180,0.27084,0.27121,0.03,0.02
2012.06.26 17:31:11.243,0.27081,0.27119,0.02,0.05
2012.06.26 17:31:11.879,0.27084,0.2712,0.03,0.02
2012.06.26 17:31:12.423,0.27083,0.27119,0.04,0.05
2012.06.26 17:31:12.969,0.27084,0.27119,0.02,0.05
2012.06.26 17:31:13.089,0.27083,0.27119,0.03,0.05
2012.06.26 17:31:13.150,0.27077,0.27118,0.02,0.02
2012.06.26 17:31:13.209,0.27079,0.27116,0.02,0.02
2012.06.26 17:31:13.329,0.27077,0.27115,0.02,0.02
2012.06.26 17:31:15.009,0.27074,0.27109,0.03,0.05
2012.06.26 17:31:15.409,0.27074,0.27112,0.03,0.02
2012.06.26 17:31:15.590,0.27073,0.27107,0.03,0.02
2012.06.26 17:31:15.769,0.27067,0.27106,0.02,0.02
2012.06.26 17:31:16.670,0.27073,0.27109,0.03,0.08
2012.06.26 17:31:17.428,0.27074,0.27109,0.03,0.04
2012.06.26 17:31:18.295,0.27077,0.27114,0.02,0.04
2012.06.26 17:31:18.427,0.27076,0.27112,0.02,0.02
2012.06.26 17:31:18.499,0.27071,0.27109,0.02,0.05
2012.06.26 17:31:18.825,0.27075,0.27112,0.02,0.02
2012.06.26 17:31:18.910,0.27077,0.27115,0.02,0.04
2012.06.26 17:31:19.309,0.27077,0.27109,0.02,0.05
2012.06.26 17:31:19.792,0.27084,0.27119,0.03,0.03
2012.06.26 17:31:21.339,0.27084,0.2712,0.02,0.04
2012.06.26 17:31:21.521,0.27084,0.27122,0.02,0.03
2012.06.26 17:31:21.930,0.27084,0.2712,0.03,0.05
2012.06.26 17:31:22.405,0.27089,0.27125,0.02,0.02
2012.06.26 17:31:22.940,0.27086,0.27124,0.02,0.02
2012.06.26 17:31:23.499,0.27086,0.27123,0.03,0.03
2012.06.26 17:31:24.183,0.2709,0.27122,0.03,0.04
2012.06.26 17:31:24.261,0.27083,0.2712,0.03,0.02
2012.06.26 17:31:24.969,0.2708,0.27119,0.02,0.03
2012.06.26 17:31:25.132,0.27084,0.27119,0.03,0.02
2012.06.26 17:31:25.455,0.27084,0.27116,0.03,0.02
2012.06.26 17:31:25.520,0.27077,0.27115,0.02,0.02
2012.06.26 17:31:25.579,0.27075,0.27112,0.02,0.02
2012.06.26 17:31:25.710,0.27073,0.27111,0.02,0.02
2012.06.26 17:31:26.113,0.27073,0.2711,0.03,0.03
2012.06.26 17:31:27.979,0.27075,0.27112,0.02,0.02
2012.06.26 17:31:29.600,0.27073,0.2711,0.03,0.07
2012.06.26 17:31:30.220,0.27069,0.27107,0.03,0.03
2012.06.26 17:31:31.129,0.27074,0.27111,0.02,0.02
2012.06.26 17:31:32.256,0.27068,0.2711,0.02,0.07
2012.06.26 17:31:32.320,0.27074,0.27108,0.03,0.02
2012.06.26 17:31:32.986,0.27067,0.271,0.02,0.05
2012.06.26 17:31:33.880,0.27073,0.27107,0.04,0.02
2012.06.26 17:31:35.560,0.27073,0.27107,0.03,0.05
2012.06.26 17:31:35.709,0.27067,0.27099,0.02,0.05
2012.06.26 17:31:36.100,0.27064,0.27099,0.03,0.04
2012.06.26 17:31:37.140,0.27068,0.27106,0.03,0.03
2012.06.26 17:31:40.310,0.27074,0.27107,0.03,0.02
2012.06.26 17:31:40.656,0.27068,0.27099,0.02,0.04
2012.06.26 17:31:41.294,0.2707,0.27106,0.03,0.05
2012.06.26 17:31:42.479,0.27068,0.27106,0.03,0.02
2012.06.26 17:31:42.599,0.27074,0.27106,0.03,0.07
2012.06.26 17:31:43.500,0.27065,0.271,0.02,0.04
2012.06.26 17:31:43.950,0.27075,0.27112,0.02,0.02
2012.06.26 17:31:44.140,0.27071,0.27107,0.02,0.03
2012.06.26 17:31:45.669,0.27069,0.2711,0.03,0.07
2012.06.26 17:31:46.770,0.27074,0.27109,0.03,0.02
2012.06.26 17:31:46.871,0.27067,0.27106,0.02,0.03
2012.06.26 17:31:47.909,0.27074,0.27111,0.04,0.02
2012.06.26 17:31:48.420,0.27074,0.27108,0.03,0.03
2012.06.26 17:31:48.859,0.27074,0.27104,0.03,0.02
2012.06.26 17:31:49.139,0.27064,0.27099,0.02,0.05
2012.06.26 17:31:50.061,0.27066,0.27103,0.02,0.02
2012.06.26 17:31:50.180,0.2706,0.27102,0.03,0.03
2012.06.26 17:31:50.661,0.27059,0.27099,0.04,0.05
2012.06.26 17:31:51.620,0.27058,0.27097,0.03,0.02
2012.06.26 17:31:52.490,0.27064,0.27099,0.03,0.07
2012.06.26 17:31:53.229,0.27064,0.271,0.04,0.04
2012.06.26 17:31:53.540,0.27065,0.271,0.02,0.06
2012.06.26 17:31:54.139,0.27061,0.271,0.02,0.05
2012.06.26 17:31:54.471,0.27067,0.271,0.02,0.05
2012.06.26 17:31:54.665,0.27075,0.27112,0.02,0.02
2012.06.26 17:31:54.729,0.27071,0.27106,0.02,0.05
2012.06.26 17:31:55.080,0.27071,0.27106,0.02,0.05
2012.06.26 17:31:58.159,0.27071,0.27104,0.03,0.02
2012.06.26 17:31:58.219,0.27065,0.27103,0.02,0.02
2012.06.26 17:31:58.681,0.27063,0.271,0.02,0.05
2012.06.26 17:31:59.214,0.27064,0.27101,0.02,0.02
2012.06.26 17:31:59.520,0.27061,0.271,0.02,0.07
2012.06.26 17:32:01.080,0.27064,0.271,0.03,0.08
2012.06.26 17:32:01.695,0.27064,0.271,0.03,0.06
2012.06.26 17:32:02.069,0.27069,0.27106,0.02,0.06
2012.06.26 17:32:02.130,0.27064,0.271,0.03,0.05
2012.06.26 17:32:02.790,0.27065,0.27104,0.02,0.02
2012.06.26 17:32:04.970,0.27065,0.27104,0.02,0.02
2012.06.26 17:32:05.598,0.27069,0.27107,0.02,0.05
2012.06.26 17:32:09.680,0.27069,0.27107,0.02,0.03
2012.06.26 17:32:09.800,0.27073,0.27111,0.04,0.03
2012.06.26 17:32:10.319,0.2707,0.27109,0.04,0.05
2012.06.26 17:32:22.629,0.27073,0.27109,0.05,0.04
2012.06.26 17:32:23.258,0.27073,0.27108,0.03,0.02
2012.06.26 17:32:24.076,0.27067,0.27099,0.02,0.05
2012.06.26 17:32:24.430,0.27069,0.27101,0.02,0.05
2012.06.26 17:32:25.529,0.2707,0.27101,0.03,0.04
2012.06.26 17:32:26.071,0.2707,0.27108,0.03,0.02
2012.06.26 17:32:26.420,0.27075,0.27112,0.02,0.02
2012.06.26 17:32:26.539,0.2707,0.2711,0.02,0.05
2012.06.26 17:32:26.760,0.27076,0.27114,0.02,0.02
2012.06.26 17:32:28.389,0.27074,0.2711,0.03,0.05
2012.06.26 17:32:31.468,0.27073,0.2711,0.03,0.05
2012.06.26 17:32:32.290,0.27084,0.27114,0.02,0.02
2012.06.26 17:32:32.906,0.27083,0.27113,0.02,0.03
2012.06.26 17:32:33.409,0.27084,0.27114,0.02,0.02
2012.06.26 17:32:34.596,0.27083,0.27113,0.02,0.03
2012.06.26 17:32:38.401,0.27074,0.2711,0.03,0.05
2012.06.26 17:32:38.521,0.27069,0.27109,0.03,0.02
2012.06.26 17:32:41.119,0.27074,0.27111,0.02,0.02
2012.06.26 17:32:42.260,0.2707,0.2711,0.02,0.05
2012.06.26 17:32:49.020,0.27073,0.27108,0.03,0.02
2012.06.26 17:32:49.666,0.27074,0.27107,0.02,0.02
2012.06.26 17:32:49.850,0.27067,0.27107,0.03,0.02
2012.06.26 17:32:59.110,0.27083,0.27114,0.02,0.04
2012.06.26 17:32:59.291,0.27074,0.2711,0.03,0.05
2012.06.26 17:33:02.100,0.27075,0.27113,0.02,0.04
2012.06.26 17:33:02.649,0.27072,0.2711,0.02,0.05
2012.06.26 17:33:02.770,0.27074,0.27108,0.03,0.02
2012.06.26 17:33:02.829,0.27073,0.27107,0.02,0.02
2012.06.26 17:33:04.460,0.27076,0.27113,0.02,0.02
2012.06.26 17:33:04.539,0.27071,0.2711,0.02,0.05
2012.06.26 17:33:04.970,0.27071,0.2711,0.02,0.07
2012.06.26 17:33:05.030,0.27073,0.2711,0.04,0.07
2012.06.26 17:33:06.188,0.2707,0.2711,0.04,0.05
2012.06.26 17:33:06.723,0.2707,0.271,0.02,0.04
2012.06.26 17:33:07.368,0.27071,0.27109,0.03,0.05
2012.06.26 17:33:10.169,0.2707,0.27109,0.03,0.05
2012.06.26 17:33:10.566,0.27074,0.27113,0.04,0.02
2012.06.26 17:33:11.798,0.27074,0.27109,0.02,0.05
2012.06.26 17:33:12.106,0.27077,0.27113,0.02,0.04
2012.06.26 17:33:12.229,0.27074,0.27112,0.02,0.02
2012.06.26 17:33:14.920,0.27073,0.2711,0.04,0.02
2012.06.26 17:33:15.360,0.2707,0.27109,0.02,0.05
2012.06.26 17:33:15.910,0.27074,0.27109,0.03,0.06
2012.06.26 17:33:17.047,0.27067,0.27099,0.02,0.04
2012.06.26 17:33:28.870,0.27074,0.27106,0.02,0.03
2012.06.26 17:33:29.626,0.27074,0.27109,0.03,0.04
2012.06.26 17:33:34.699,0.27072,0.27106,0.02,0.03
2012.06.26 17:33:38.069,0.27074,0.27112,0.04,0.03
2012.06.26 17:33:39.199,0.27073,0.27109,0.03,0.05
2012.06.26 17:33:42.711,0.2707,0.271,0.03,0.05
2012.06.26 17:33:42.771,0.27073,0.27107,0.03,0.05
2012.06.26 17:33:43.831,0.27065,0.271,0.02,0.05
2012.06.26 17:33:44.789,0.27065,0.27105,0.02,0.03
2012.06.26 17:33:53.445,0.27066,0.27103,0.02,0.02
2012.06.26 17:33:53.571,0.27067,0.27104,0.02,0.04
2012.06.26 17:33:55.090,0.27069,0.27106,0.02,0.02
2012.06.26 17:33:55.630,0.27066,0.27105,0.02,0.02
2012.06.26 17:34:02.400,0.27064,0.27105,0.03,0.03
2012.06.26 17:34:02.500,0.27067,0.27105,0.02,0.04
2012.06.26 17:34:03.490,0.2706,0.27101,0.03,0.03
2012.06.26 17:34:03.617,0.27064,0.27098,0.03,0.02
2012.06.26 17:34:04.263,0.27063,0.271,0.03,0.06
2012.06.26 17:34:04.430,0.27064,0.27096,0.03,0.04
2012.06.26 17:34:04.489,0.27057,0.27096,0.03,0.05
2012.06.26 17:34:05.015,0.27065,0.27102,0.02,0.02
2012.06.26 17:34:05.239,0.27061,0.271,0.02,0.05
2012.06.26 17:34:06.054,0.27063,0.271,0.03,0.05
2012.06.26 17:34:06.461,0.27066,0.271,0.02,0.05
2012.06.26 17:34:06.520,0.27067,0.27104,0.03,0.02
2012.06.26 17:34:09.050,0.27068,0.27106,0.02,0.05
2012.06.26 17:34:09.387,0.27067,0.27107,0.02,0.03
2012.06.26 17:34:11.075,0.27074,0.27106,0.03,0.03
2012.06.26 17:34:15.534,0.27073,0.27107,0.03,0.05
2012.06.26 17:34:17.550,0.27066,0.27103,0.02,0.02
2012.06.26 17:34:18.080,0.27064,0.27099,0.02,0.05
2012.06.26 17:34:18.658,0.27064,0.27099,0.02,0.05
2012.06.26 17:34:22.948,0.27062,0.27099,0.02,0.05
2012.06.26 17:34:23.272,0.27065,0.27107,0.03,0.05
2012.06.26 17:34:28.699,0.27068,0.27106,0.02,0.03
2012.06.26 17:34:29.766,0.27069,0.27106,0.03,0.03
2012.06.26 17:34:29.830,0.27074,0.27109,0.03,0.05
2012.06.26 17:34:49.813,0.27073,0.27109,0.03,0.04
2012.06.26 17:35:01.049,0.27084,0.27114,0.02,0.04
2012.06.26 17:35:01.454,0.27077,0.27109,0.02,0.05
2012.06.26 17:35:06.439,0.27083,0.27113,0.03,0.02
2012.06.26 17:35:06.560,0.27073,0.27109,0.03,0.05
2012.06.26 17:35:06.620,0.27073,0.27109,0.04,0.04
2012.06.26 17:35:07.839,0.2707,0.27109,0.02,0.05
2012.06.26 17:35:08.364,0.27073,0.27109,0.03,0.05
2012.06.26 17:35:09.257,0.27071,0.27109,0.02,0.05
2012.06.26 17:35:09.589,0.27074,0.27111,0.04,0.02
2012.06.26 17:35:14.130,0.27076,0.27113,0.02,0.04
2012.06.26 17:35:14.249,0.27074,0.27112,0.02,0.02
2012.06.26 17:35:15.070,0.27075,0.27112,0.02,0.04
2012.06.26 17:35:15.130,0.27078,0.27115,0.02,0.04
2012.06.26 17:35:16.845,0.27073,0.27109,0.03,0.05
2012.06.26 17:35:16.910,0.27075,0.27112,0.02,0.02
2012.06.26 17:35:16.970,0.27073,0.27109,0.03,0.09
2012.06.26 17:35:17.340,0.27073,0.27108,0.03,0.02
2012.06.26 17:35:19.070,0.27074,0.27106,0.03,0.05
2012.06.26 17:35:22.567,0.27065,0.27099,0.02,0.05
2012.06.26 17:35:26.747,0.27068,0.271,0.03,0.04
2012.06.26 17:35:26.810,0.27076,0.27112,0.02,0.02
2012.06.26 17:35:27.220,0.27078,0.27115,0.02,0.02
2012.06.26 17:35:27.400,0.27078,0.27109,0.02,0.04
2012.06.26 17:35:28.421,0.27075,0.27114,0.02,0.04
2012.06.26 17:35:29.283,0.27074,0.27112,0.04,0.02
2012.06.26 17:35:31.652,0.27074,0.27109,0.03,0.04
2012.06.26 17:35:32.654,0.27069,0.27099,0.02,0.04
2012.06.26 17:35:35.491,0.27074,0.27111,0.04,0.03
2012.06.26 17:35:35.711,0.27074,0.27111,0.02,0.03
2012.06.26 17:35:36.130,0.27074,0.2711,0.03,0.05
2012.06.26 17:35:38.451,0.27077,0.27114,0.02,0.02
2012.06.26 17:35:38.995,0.27073,0.2711,0.03,0.05
2012.06.26 17:35:42.370,0.27074,0.27113,0.02,0.02
2012.06.26 17:35:42.430,0.27075,0.27113,0.02,0.02
2012.06.26 17:35:42.550,0.27074,0.27111,0.02,0.02
2012.06.26 17:35:42.609,0.27073,0.2711,0.02,0.02
2012.06.26 17:35:44.060,0.27075,0.27112,0.02,0.02
2012.06.26 17:35:44.181,0.27076,0.27113,0.02,0.04
2012.06.26 17:35:59.670,0.27076,0.27114,0.02,0.02
2012.06.26 17:36:03.026,0.27076,0.2711,0.02,0.04
2012.06.26 17:36:03.411,0.27079,0.27116,0.02,0.02
2012.06.26 17:36:03.971,0.27084,0.27121,0.04,0.04
2012.06.26 17:36:04.521,0.27086,0.27124,0.02,0.02
2012.06.26 17:36:08.900,0.27086,0.27123,0.02,0.02
2012.06.26 17:36:13.255,0.27086,0.27119,0.02,0.05
2012.06.26 17:36:13.324,0.27087,0.27126,0.02,0.05
2012.06.26 17:36:20.030,0.27094,0.2713,0.04,0.05
2012.06.26 17:36:20.150,0.2709,0.27124,0.03,0.05
2012.06.26 17:36:20.210,0.27094,0.2713,0.02,0.05
2012.06.26 17:36:20.740,0.27093,0.2713,0.02,0.05
2012.06.26 17:36:24.080,0.27093,0.2713,0.02,0.05
2012.06.26 17:36:24.495,0.27087,0.2713,0.03,0.05
2012.06.26 17:36:25.052,0.27094,0.27124,0.02,0.04
2012.06.26 17:36:25.747,0.27084,0.2712,0.03,0.04
2012.06.26 17:36:25.930,0.27084,0.2712,0.02,0.05
2012.06.26 17:36:26.461,0.27079,0.2712,0.03,0.05
2012.06.26 17:36:27.130,0.27083,0.27117,0.02,0.02
2012.06.26 17:36:27.830,0.27084,0.2712,0.02,0.04
2012.06.26 17:36:28.350,0.27083,0.27117,0.02,0.02
2012.06.26 17:36:28.785,0.27081,0.27116,0.03,0.02
2012.06.26 17:36:29.631,0.27084,0.27116,0.02,0.04
2012.06.26 17:36:31.865,0.27083,0.27116,0.02,0.02
2012.06.26 17:36:33.235,0.27084,0.27116,0.02,0.04
2012.06.26 17:36:35.850,0.27074,0.27116,0.03,0.06
2012.06.26 17:36:35.981,0.27074,0.2711,0.03,0.04
2012.06.26 17:36:36.310,0.27065,0.27107,0.03,0.02
2012.06.26 17:36:36.936,0.27063,0.27101,0.03,0.05
2012.06.26 17:36:49.850,0.27073,0.27103,0.02,0.04
2012.06.26 17:36:50.482,0.27063,0.27108,0.03,0.03
2012.06.26 17:36:50.720,0.27063,0.27102,0.03,0.02
2012.06.26 17:36:51.235,0.27063,0.27099,0.03,0.04
2012.06.26 17:37:03.570,0.27063,0.271,0.03,0.06
2012.06.26 17:37:03.920,0.27053,0.27098,0.03,0.03
2012.06.26 17:37:04.732,0.27064,0.27098,0.02,0.02
2012.06.26 17:37:05.314,0.27063,0.27098,0.03,0.02
2012.06.26 17:37:07.182,0.27064,0.27098,0.02,0.02
2012.06.26 17:37:08.262,0.27063,0.27098,0.03,0.02
2012.06.26 17:37:09.312,0.27064,0.27098,0.02,0.02
2012.06.26 17:37:10.609,0.27063,0.27098,0.03,0.02
2012.06.26 17:37:11.387,0.27064,0.27098,0.02,0.02
2012.06.26 17:37:12.613,0.27063,0.27098,0.03,0.02
2012.06.26 17:37:13.240,0.27064,0.27098,0.02,0.02
2012.06.26 17:37:13.571,0.27073,0.27104,0.02,0.02
2012.06.26 17:37:14.231,0.27068,0.271,0.03,0.04
2012.06.26 17:37:14.350,0.27063,0.27103,0.03,0.02
2012.06.26 17:37:15.160,0.27064,0.27101,0.03,0.02
2012.06.26 17:37:26.774,0.27064,0.27099,0.03,0.04
2012.06.26 17:37:46.606,0.27064,0.27099,0.03,0.04
2012.06.26 17:37:46.792,0.27074,0.27104,0.02,0.02
2012.06.26 17:37:47.359,0.27073,0.27104,0.02,0.02
2012.06.26 17:37:47.421,0.27063,0.27108,0.02,0.03
2012.06.26 17:37:47.927,0.27074,0.27108,0.02,0.02
2012.06.26 17:37:48.794,0.27073,0.27108,0.03,0.02
2012.06.26 17:37:50.345,0.27073,0.27109,0.03,0.06
2012.06.26 17:37:50.564,0.27073,0.27109,0.03,0.04
2012.06.26 17:37:50.894,0.27074,0.27109,0.03,0.04
2012.06.26 17:37:51.650,0.27073,0.27109,0.03,0.04
2012.06.26 17:37:52.120,0.27071,0.27109,0.03,0.04
2012.06.26 17:37:52.600,0.2707,0.27108,0.03,0.02
2012.06.26 17:37:53.386,0.27073,0.27107,0.02,0.02
2012.06.26 17:37:53.717,0.27068,0.27105,0.03,0.02
2012.06.26 17:37:54.347,0.27067,0.27099,0.03,0.04
2012.06.26 17:37:55.101,0.27074,0.27104,0.02,0.02
2012.06.26 17:37:55.709,0.27073,0.27103,0.02,0.04
2012.06.26 17:37:56.910,0.27069,0.27101,0.03,0.05
2012.06.26 17:37:57.571,0.2707,0.27101,0.03,0.04
2012.06.26 17:37:58.446,0.27074,0.27106,0.02,0.02
2012.06.26 17:38:00.294,0.27073,0.27107,0.02,0.04
2012.06.26 17:38:02.000,0.27071,0.27102,0.03,0.04
2012.06.26 17:38:03.051,0.2707,0.27109,0.03,0.02
2012.06.26 17:38:04.481,0.27073,0.27109,0.03,0.02
2012.06.26 17:38:04.693,0.27073,0.2711,0.03,0.04
2012.06.26 17:38:05.048,0.27073,0.2711,0.03,0.04
2012.06.26 17:38:06.720,0.27072,0.2711,0.03,0.04
2012.06.26 17:38:06.892,0.27064,0.27109,0.05,0.03
2012.06.26 17:38:11.350,0.27074,0.2711,0.03,0.04
2012.06.26 17:38:29.270,0.27074,0.2711,0.02,0.05
2012.06.26 17:38:30.986,0.27073,0.2711,0.02,0.05
2012.06.26 17:38:31.706,0.27073,0.2711,0.02,0.05
2012.06.26 17:38:32.377,0.27074,0.2711,0.02,0.05
2012.06.26 17:38:35.440,0.27073,0.2711,0.02,0.05
2012.06.26 17:38:36.047,0.27074,0.2711,0.02,0.05
2012.06.26 17:38:38.242,0.27066,0.2711,0.03,0.05
2012.06.26 17:38:39.047,0.27073,0.2711,0.02,0.04
2012.06.26 17:38:39.179,0.27063,0.2711,0.03,0.05
2012.06.26 17:38:39.790,0.27063,0.27107,0.03,0.05
2012.06.26 17:38:39.910,0.27063,0.27107,0.03,0.05
2012.06.26 17:38:40.883,0.27064,0.271,0.02,0.05
2012.06.26 17:38:41.716,0.27063,0.271,0.03,0.05
2012.06.26 17:38:42.632,0.27064,0.271,0.02,0.05
2012.06.26 17:38:45.760,0.27063,0.271,0.03,0.05
2012.06.26 17:38:47.741,0.27064,0.271,0.02,0.05
2012.06.26 17:38:51.351,0.27064,0.271,0.03,0.05
2012.06.26 17:38:51.773,0.27073,0.27104,0.02,0.05
2012.06.26 17:38:52.323,0.27067,0.27109,0.03,0.05
2012.06.26 17:38:53.891,0.27064,0.27106,0.03,0.05
2012.06.26 17:38:54.131,0.27064,0.27099,0.03,0.05
2012.06.26 17:38:54.441,0.27063,0.27099,0.03,0.05
2012.06.26 17:38:56.392,0.27063,0.27107,0.03,0.03
2012.06.26 17:38:56.768,0.27074,0.27109,0.02,0.04
2012.06.26 17:38:57.579,0.27064,0.27109,0.03,0.05
2012.06.26 17:39:05.125,0.27073,0.27109,0.02,0.04
2012.06.26 17:39:06.603,0.27074,0.27109,0.02,0.04
2012.06.26 17:39:09.114,0.27063,0.27109,0.03,0.05
2012.06.26 17:39:09.301,0.27063,0.27107,0.03,0.05
2012.06.26 17:39:10.013,0.27064,0.271,0.02,0.05
2012.06.26 17:39:10.080,0.27064,0.271,0.02,0.05
2012.06.26 17:39:10.618,0.27063,0.271,0.03,0.05
2012.06.26 17:39:11.081,0.27063,0.271,0.02,0.05
2012.06.26 17:39:13.890,0.27064,0.271,0.02,0.05
2012.06.26 17:39:14.501,0.27063,0.271,0.02,0.05
2012.06.26 17:39:15.080,0.27064,0.271,0.02,0.05
2012.06.26 17:39:16.351,0.27063,0.27097,0.02,0.03
2012.06.26 17:39:16.813,0.27063,0.27094,0.02,0.05
2012.06.26 17:39:18.027,0.27064,0.27094,0.02,0.04
2012.06.26 17:39:19.211,0.27063,0.27094,0.02,0.05
2012.06.26 17:39:20.371,0.27063,0.271,0.02,0.04
2012.06.26 17:39:21.097,0.27064,0.271,0.02,0.04
2012.06.26 17:39:21.777,0.27063,0.271,0.02,0.04
2012.06.26 17:39:22.522,0.27063,0.271,0.02,0.05
2012.06.26 17:39:23.116,0.27064,0.271,0.02,0.04
2012.06.26 17:39:23.796,0.27063,0.271,0.02,0.05
2012.06.26 17:39:25.200,0.27064,0.271,0.02,0.04
2012.06.26 17:39:26.191,0.27074,0.27105,0.02,0.05
2012.06.26 17:39:26.264,0.27068,0.27103,0.03,0.05
2012.06.26 17:39:26.531,0.27074,0.27109,0.02,0.04
2012.06.26 17:39:27.275,0.27073,0.27109,0.02,0.04
2012.06.26 17:39:28.720,0.27074,0.27109,0.02,0.04
2012.06.26 17:39:29.483,0.27073,0.27109,0.02,0.04
2012.06.26 17:39:30.223,0.27066,0.27107,0.03,0.05
2012.06.26 17:39:30.852,0.27063,0.271,0.03,0.05
2012.06.26 17:39:31.404,0.27074,0.27106,0.02,0.04
2012.06.26 17:39:31.681,0.27063,0.271,0.03,0.05
2012.06.26 17:39:32.201,0.27064,0.271,0.02,0.05
2012.06.26 17:39:32.760,0.27064,0.27106,0.02,0.05
2012.06.26 17:39:33.395,0.27063,0.27107,0.02,0.06
2012.06.26 17:39:35.171,0.27064,0.27106,0.02,0.05
2012.06.26 17:39:35.682,0.27063,0.27107,0.02,0.06
2012.06.26 17:39:36.921,0.27064,0.27106,0.02,0.05
2012.06.26 17:39:43.345,0.27063,0.27107,0.02,0.06
2012.06.26 17:39:43.900,0.27064,0.27106,0.02,0.05
2012.06.26 17:39:47.980,0.27063,0.27107,0.02,0.06
2012.06.26 17:39:49.631,0.27064,0.27106,0.02,0.05
2012.06.26 17:39:50.131,0.27074,0.27106,0.02,0.02
2012.06.26 17:39:50.213,0.27063,0.27106,0.03,0.03
2012.06.26 17:39:50.283,0.27063,0.27099,0.03,0.04
2012.06.26 17:39:50.977,0.27073,0.27104,0.02,0.05
2012.06.26 17:39:51.639,0.27074,0.27104,0.02,0.04
2012.06.26 17:39:52.633,0.2706,0.27099,0.03,0.05
2012.06.26 17:39:52.910,0.27064,0.27099,0.02,0.04
2012.06.26 17:39:55.930,0.27063,0.27099,0.02,0.04
2012.06.26 17:39:56.151,0.27063,0.27099,0.02,0.05
2012.06.26 17:39:56.704,0.27064,0.27099,0.02,0.05
2012.06.26 17:39:59.732,0.27073,0.27107,0.02,0.06
2012.06.26 17:40:00.444,0.27065,0.27107,0.03,0.05
2012.06.26 17:40:00.690,0.27063,0.27107,0.03,0.05
2012.06.26 17:40:00.961,0.27073,0.27109,0.02,0.05
2012.06.26 17:40:01.592,0.27068,0.27109,0.03,0.05
2012.06.26 17:40:02.306,0.27074,0.27109,0.02,0.04
2012.06.26 17:40:03.227,0.27074,0.27106,0.02,0.04
2012.06.26 17:40:05.035,0.27073,0.27107,0.02,0.02
2012.06.26 17:40:05.586,0.27074,0.27106,0.02,0.02
2012.06.26 17:40:06.266,0.27073,0.27107,0.02,0.02
2012.06.26 17:40:08.413,0.27063,0.271,0.03,0.05
2012.06.26 17:40:08.471,0.27063,0.271,0.03,0.05
2012.06.26 17:40:15.250,0.27074,0.27104,0.02,0.04
2012.06.26 17:40:16.520,0.27064,0.271,0.03,0.05
2012.06.26 17:40:16.812,0.27064,0.271,0.02,0.05
2012.06.26 17:40:17.361,0.27063,0.271,0.03,0.05
2012.06.26 17:40:19.724,0.27064,0.271,0.02,0.05
2012.06.26 17:40:21.332,0.27063,0.271,0.03,0.05
2012.06.26 17:40:21.910,0.27064,0.271,0.02,0.05
2012.06.26 17:40:22.101,0.27064,0.271,0.03,0.04
2012.06.26 17:40:22.161,0.27073,0.27104,0.02,0.05
2012.06.26 17:40:22.351,0.27073,0.27109,0.02,0.05
2012.06.26 17:40:22.900,0.27074,0.27109,0.02,0.04
2012.06.26 17:40:23.414,0.27073,0.27109,0.02,0.05
2012.06.26 17:40:23.891,0.27074,0.27109,0.02,0.04
2012.06.26 17:40:24.536,0.27073,0.27109,0.02,0.04
2012.06.26 17:40:28.362,0.2707,0.27109,0.03,0.05
2012.06.26 17:40:28.746,0.2707,0.27109,0.03,0.06
2012.06.26 17:40:37.940,0.27074,0.27109,0.02,0.06
2012.06.26 17:40:40.145,0.27073,0.27109,0.02,0.06
2012.06.26 17:40:40.875,0.27074,0.27109,0.02,0.06
2012.06.26 17:40:41.460,0.27069,0.27106,0.03,0.04
2012.06.26 17:40:42.268,0.27073,0.27106,0.02,0.02
2012.06.26 17:40:42.892,0.27074,0.27104,0.02,0.04
2012.06.26 17:40:43.211,0.27071,0.27102,0.03,0.04
2012.06.26 17:40:43.570,0.27067,0.27106,0.03,0.02
2012.06.26 17:40:45.371,0.27058,0.27106,0.03,0.02
2012.06.26 17:40:45.431,0.27058,0.27104,0.03,0.02
2012.06.26 17:40:45.897,0.27073,0.27104,0.02,0.02
2012.06.26 17:40:46.688,0.27067,0.27099,0.03,0.04
2012.06.26 17:40:47.433,0.27073,0.27103,0.02,0.04
2012.06.26 17:40:47.700,0.27064,0.27099,0.03,0.04
2012.06.26 17:40:51.010,0.27073,0.27103,0.02,0.04
2012.06.26 17:40:52.134,0.27074,0.27104,0.02,0.02
2012.06.26 17:40:54.483,0.27073,0.27103,0.02,0.04
2012.06.26 17:40:56.950,0.27074,0.27104,0.02,0.02
2012.06.26 17:41:00.222,0.27063,0.27099,0.03,0.04
2012.06.26 17:41:07.932,0.27074,0.27104,0.02,0.02
2012.06.26 17:41:08.152,0.27063,0.27099,0.03,0.04
2012.06.26 17:41:09.361,0.27063,0.27101,0.03,0.05
2012.06.26 17:41:09.601,0.27064,0.27103,0.03,0.05
2012.06.26 17:41:10.040,0.27073,0.27105,0.03,0.05
2012.06.26 17:41:10.160,0.27073,0.2711,0.03,0.04
2012.06.26 17:41:15.650,0.27067,0.27109,0.03,0.03
2012.06.26 17:41:15.961,0.27068,0.27105,0.03,0.02
2012.06.26 17:41:16.497,0.27073,0.27104,0.02,0.05
2012.06.26 17:41:19.130,0.27064,0.271,0.03,0.04
2012.06.26 17:41:19.755,0.27064,0.271,0.03,0.04
2012.06.26 17:41:20.460,0.27073,0.27104,0.02,0.02
2012.06.26 17:41:20.521,0.27069,0.271,0.03,0.04
2012.06.26 17:41:21.236,0.27073,0.27104,0.02,0.05
2012.06.26 17:41:21.917,0.27074,0.27109,0.02,0.06
2012.06.26 17:41:22.452,0.27073,0.27109,0.03,0.04
2012.06.26 17:41:24.701,0.27073,0.27109,0.03,0.04
2012.06.26 17:41:25.342,0.27084,0.27115,0.02,0.05
2012.06.26 17:41:25.847,0.27083,0.27118,0.03,0.02
2012.06.26 17:41:29.330,0.27084,0.27118,0.02,0.02
2012.06.26 17:41:29.390,0.27074,0.27119,0.04,0.05
2012.06.26 17:41:29.861,0.2708,0.27118,0.03,0.02
2012.06.26 17:41:30.411,0.27073,0.27109,0.02,0.04
2012.06.26 17:41:30.862,0.27084,0.27115,0.02,0.05
2012.06.26 17:41:33.002,0.27074,0.27109,0.02,0.04
2012.06.26 17:41:33.581,0.27074,0.27109,0.03,0.04
2012.06.26 17:41:34.110,0.27074,0.27109,0.03,0.04
2012.06.26 17:41:41.022,0.27084,0.27115,0.02,0.02
2012.06.26 17:41:42.550,0.27083,0.27113,0.02,0.02
2012.06.26 17:41:43.169,0.27084,0.27115,0.02,0.05
2012.06.26 17:41:44.610,0.27073,0.2711,0.03,0.04
2012.06.26 17:41:45.092,0.27083,0.27113,0.02,0.02
2012.06.26 17:41:46.910,0.27079,0.2711,0.03,0.04
2012.06.26 17:41:47.517,0.27084,0.27114,0.02,0.04
2012.06.26 17:41:48.187,0.27083,0.27114,0.02,0.05
2012.06.26 17:41:48.310,0.27074,0.2711,0.03,0.04
2012.06.26 17:41:48.981,0.27074,0.2711,0.03,0.05
2012.06.26 17:41:49.331,0.27073,0.2711,0.03,0.06
2012.06.26 17:41:50.180,0.27066,0.27106,0.03,0.05
2012.06.26 17:41:50.520,0.27066,0.27104,0.03,0.02
2012.06.26 17:41:51.292,0.27072,0.27104,0.03,0.05
2012.06.26 17:41:51.602,0.27073,0.27107,0.03,0.04
2012.06.26 17:41:52.011,0.27073,0.27112,0.03,0.02
2012.06.26 17:42:09.497,0.27083,0.27114,0.02,0.03
2012.06.26 17:42:09.622,0.27079,0.2711,0.03,0.04
2012.06.26 17:42:10.721,0.2708,0.27117,0.03,0.02
2012.06.26 17:42:12.361,0.27073,0.27117,0.03,0.04
2012.06.26 17:42:12.480,0.27073,0.27116,0.03,0.02
2012.06.26 17:42:12.820,0.27074,0.27113,0.03,0.02
2012.06.26 17:42:30.280,0.27073,0.2711,0.03,0.05
2012.06.26 17:42:41.080,0.27074,0.2711,0.03,0.04
2012.06.26 17:42:41.280,0.27081,0.27112,0.03,0.04
2012.06.26 17:42:41.836,0.27083,0.27117,0.03,0.05
2012.06.26 17:42:42.231,0.27083,0.27126,0.03,0.03
2012.06.26 17:42:44.302,0.27074,0.27123,0.05,0.02
2012.06.26 17:42:44.610,0.27073,0.27119,0.03,0.03
2012.06.26 17:42:44.923,0.27074,0.27117,0.03,0.02
2012.06.26 17:42:45.041,0.27074,0.27116,0.03,0.03
2012.06.26 17:42:45.281,0.27066,0.27113,0.03,0.02
2012.06.26 17:42:48.621,0.27073,0.27105,0.02,0.02
2012.06.26 17:42:51.041,0.27062,0.27098,0.02,0.02
2012.06.26 17:42:54.572,0.27057,0.27093,0.02,0.02
2012.06.26 17:42:56.925,0.27053,0.27089,0.02,0.02
2012.06.26 17:42:59.275,0.27073,0.27105,0.02,0.02
2012.06.26 17:43:08.945,0.27049,0.27085,0.02,0.02
2012.06.26 17:43:28.585,0.27083,0.27114,0.02,0.05
2012.06.26 17:43:29.769,0.27048,0.27086,0.05,0.02
2012.06.26 17:43:32.007,0.27083,0.27116,0.02,0.02
2012.06.26 17:43:32.965,0.27073,0.27116,0.03,0.02
2012.06.26 17:43:38.105,0.27083,0.27116,0.02,0.02
2012.06.26 17:43:38.225,0.27076,0.27116,0.03,0.05
2012.06.26 17:43:43.877,0.27083,0.27117,0.02,0.04
2012.06.26 17:43:44.385,0.27078,0.27117,0.03,0.06
2012.06.26 17:43:44.445,0.27073,0.27117,0.03,0.06
2012.06.26 17:43:44.506,0.27073,0.27116,0.03,0.03
2012.06.26 17:43:44.872,0.27044,0.27081,0.04,0.02
2012.06.26 17:43:46.126,0.27074,0.27106,0.02,0.02
2012.06.26 17:43:46.777,0.27074,0.27105,0.03,0.02
2012.06.26 17:43:53.987,0.27074,0.27109,0.03,0.02
2012.06.26 17:43:54.527,0.27074,0.2711,0.03,0.04
2012.06.26 17:43:54.871,0.27084,0.27114,0.02,0.04
2012.06.26 17:43:55.837,0.27077,0.27109,0.03,0.02
2012.06.26 17:43:59.242,0.27083,0.27114,0.02,0.05
2012.06.26 17:44:00.935,0.27073,0.2711,0.03,0.05
2012.06.26 17:44:07.307,0.27073,0.27105,0.03,0.02
2012.06.26 17:44:12.170,0.27074,0.27107,0.03,0.02
2012.06.26 17:44:12.309,0.27049,0.27081,0.02,0.02
2012.06.26 17:44:12.841,0.27074,0.27104,0.03,0.02
2012.06.26 17:44:16.523,0.27074,0.27106,0.03,0.02
2012.06.26 17:44:17.320,0.27047,0.27084,0.02,0.02
2012.06.26 17:44:17.446,0.27074,0.27108,0.03,0.02
2012.06.26 17:44:37.826,0.27048,0.27085,0.02,0.02
2012.06.26 17:44:39.145,0.27074,0.27104,0.02,0.02
2012.06.26 17:44:39.342,0.27074,0.27109,0.03,0.05
2012.06.26 17:44:51.366,0.27073,0.27115,0.03,0.02
2012.06.26 17:44:54.606,0.2703,0.27067,0.04,0.02
2012.06.26 17:44:55.145,0.27073,0.27103,0.02,0.02
2012.06.26 17:44:58.452,0.27074,0.27115,0.03,0.02
2012.06.26 17:45:11.615,0.27073,0.2711,0.03,0.05
2012.06.26 17:45:12.528,0.27074,0.2711,0.02,0.04
2012.06.26 17:45:13.935,0.27073,0.2711,0.03,0.05
2012.06.26 17:45:16.335,0.27068,0.2711,0.03,0.05
2012.06.26 17:45:16.456,0.27058,0.27106,0.03,0.03
2012.06.26 17:45:16.575,0.27057,0.27106,0.02,0.03
2012.06.26 17:45:20.387,0.27063,0.27099,0.03,0.05
2012.06.26 17:45:35.755,0.27058,0.27096,0.03,0.03
2012.06.26 17:45:36.025,0.27058,0.27099,0.03,0.05
2012.06.26 17:45:36.325,0.27064,0.27099,0.02,0.05
2012.06.26 17:45:36.795,0.27064,0.27099,0.02,0.05
2012.06.26 17:45:37.324,0.27063,0.27099,0.03,0.04
2012.06.26 17:45:37.558,0.27063,0.27099,0.02,0.05
2012.06.26 17:45:40.081,0.27041,0.27099,0.04,0.05
2012.06.26 17:45:41.495,0.27064,0.27099,0.02,0.05
2012.06.26 17:45:41.967,0.27064,0.27099,0.02,0.04
2012.06.26 17:45:42.462,0.2706,0.2709,0.02,0.04
2012.06.26 17:45:42.766,0.27063,0.27096,0.03,0.04
2012.06.26 17:45:43.185,0.27063,0.27105,0.02,0.03
2012.06.26 17:45:43.792,0.27064,0.27105,0.03,0.02
2012.06.26 17:45:44.440,0.27064,0.27099,0.03,0.05
2012.06.26 17:45:47.471,0.27041,0.27099,0.04,0.05
2012.06.26 17:45:48.919,0.27063,0.27099,0.02,0.05
2012.06.26 17:45:49.876,0.27064,0.27099,0.02,0.05
2012.06.26 17:45:51.358,0.27063,0.27099,0.02,0.05
2012.06.26 17:45:53.964,0.27063,0.27099,0.03,0.04
2012.06.26 17:45:54.026,0.27064,0.27099,0.03,0.05
2012.06.26 17:46:27.560,0.27064,0.27104,0.03,0.02
2012.06.26 17:46:28.220,0.27058,0.27099,0.03,0.05
2012.06.26 17:46:28.736,0.27058,0.27089,0.03,0.04
2012.06.26 17:46:29.412,0.27062,0.27093,0.03,0.04
2012.06.26 17:46:29.946,0.27063,0.27097,0.02,0.04
2012.06.26 17:46:30.186,0.27054,0.27089,0.03,0.04
2012.06.26 17:46:30.369,0.27052,0.27089,0.02,0.04
2012.06.26 17:46:30.826,0.27052,0.27088,0.03,0.02
2012.06.26 17:46:31.401,0.27053,0.27088,0.03,0.02
2012.06.26 17:46:32.506,0.27054,0.27086,0.02,0.02
2012.06.26 17:46:33.083,0.27046,0.27086,0.02,0.03
2012.06.26 17:46:33.497,0.27049,0.27085,0.03,0.02
2012.06.26 17:46:34.092,0.27054,0.27085,0.02,0.03
2012.06.26 17:46:34.755,0.27053,0.27083,0.02,0.04
2012.06.26 17:46:35.315,0.27054,0.27085,0.02,0.05
2012.06.26 17:46:35.687,0.27051,0.27086,0.03,0.02
2012.06.26 17:46:39.381,0.27054,0.27089,0.03,0.02
2012.06.26 17:46:39.626,0.27049,0.27081,0.03,0.05
2012.06.26 17:46:40.385,0.27054,0.27085,0.02,0.05
2012.06.26 17:46:41.186,0.27053,0.27083,0.02,0.04
2012.06.26 17:46:41.306,0.27051,0.27083,0.03,0.05
2012.06.26 17:46:41.519,0.27023,0.27053,0.02,0.02
2012.06.26 17:46:41.646,0.27051,0.27089,0.03,0.04
2012.06.26 17:46:42.076,0.27053,0.27089,0.03,0.04
2012.06.26 17:46:43.622,0.27029,0.27066,0.02,0.02
2012.06.26 17:46:43.865,0.27054,0.27094,0.03,0.02
2012.06.26 17:46:44.337,0.2703,0.27067,0.02,0.02
2012.06.26 17:46:48.586,0.27053,0.2709,0.03,0.04
2012.06.26 17:46:50.466,0.27028,0.27065,0.02,0.02
2012.06.26 17:46:53.443,0.27028,0.27065,0.02,0.02
2012.06.26 17:46:58.802,0.27053,0.27083,0.02,0.02
2012.06.26 17:46:59.309,0.27044,0.27089,0.04,0.03
2012.06.26 17:47:01.506,0.27029,0.2706,0.04,0.02
2012.06.26 17:47:01.816,0.27054,0.27089,0.03,0.02
2012.06.26 17:47:02.825,0.27029,0.27061,0.04,0.02
2012.06.26 17:47:04.535,0.2703,0.27062,0.04,0.02
2012.06.26 17:47:04.655,0.27054,0.2709,0.03,0.04
2012.06.26 17:47:04.727,0.27026,0.27063,0.02,0.02
2012.06.26 17:47:04.846,0.27054,0.2709,0.03,0.04
2012.06.26 17:47:05.671,0.27054,0.2709,0.03,0.04
2012.06.26 17:47:06.039,0.27029,0.27065,0.02,0.02
2012.06.26 17:47:07.653,0.27058,0.27089,0.03,0.02
2012.06.26 17:47:07.757,0.27058,0.27095,0.03,0.02
2012.06.26 17:47:08.297,0.27063,0.27095,0.02,0.02
2012.06.26 17:47:08.860,0.27061,0.27092,0.03,0.04
2012.06.26 17:47:10.515,0.27064,0.27097,0.02,0.02
2012.06.26 17:47:18.596,0.27063,0.27093,0.02,0.04
2012.06.26 17:47:20.750,0.27057,0.27089,0.03,0.04
2012.06.26 17:47:21.180,0.27053,0.27095,0.03,0.02
2012.06.26 17:47:21.507,0.27053,0.27091,0.03,0.02
2012.06.26 17:47:21.568,0.2705,0.27089,0.03,0.02
2012.06.26 17:47:22.102,0.27053,0.27089,0.02,0.02
2012.06.26 17:47:24.087,0.27054,0.27089,0.02,0.02
2012.06.26 17:47:24.902,0.27054,0.27088,0.03,0.02
2012.06.26 17:47:25.486,0.27054,0.2709,0.03,0.04
2012.06.26 17:47:27.460,0.27053,0.27089,0.03,0.02
2012.06.26 17:47:27.706,0.2705,0.2709,0.03,0.06
2012.06.26 17:47:28.268,0.27054,0.2709,0.02,0.06
2012.06.26 17:47:32.345,0.27053,0.2709,0.02,0.06
2012.06.26 17:47:32.465,0.27046,0.27087,0.03,0.03
2012.06.26 17:47:33.956,0.27054,0.27085,0.02,0.05
2012.06.26 17:47:35.976,0.27022,0.27059,0.02,0.02
2012.06.26 17:47:36.157,0.2705,0.27082,0.03,0.02
2012.06.26 17:47:36.510,0.27053,0.27087,0.02,0.04
2012.06.26 17:47:37.198,0.27053,0.27084,0.02,0.05
2012.06.26 17:47:37.526,0.27017,0.27053,0.02,0.02
2012.06.26 17:47:37.856,0.27054,0.27084,0.02,0.04
2012.06.26 17:47:38.029,0.27019,0.27056,0.02,0.02
2012.06.26 17:47:41.792,0.27053,0.27084,0.02,0.03
2012.06.26 17:47:42.106,0.27034,0.2707,0.02,0.02
2012.06.26 17:47:42.766,0.27051,0.27086,0.03,0.04
2012.06.26 17:47:43.336,0.27027,0.27058,0.02,0.02
2012.06.26 17:47:45.582,0.27028,0.27058,0.02,0.02
2012.06.26 17:47:45.845,0.27054,0.27088,0.02,0.02
2012.06.26 17:47:46.146,0.27063,0.27093,0.02,0.04
2012.06.26 17:47:46.206,0.27057,0.2709,0.03,0.04
2012.06.26 17:47:46.447,0.27056,0.2709,0.03,0.04
2012.06.26 17:47:46.843,0.2703,0.27066,0.04,0.02
2012.06.26 17:47:47.072,0.27063,0.27094,0.02,0.05
2012.06.26 17:47:47.197,0.2706,0.27092,0.03,0.02
2012.06.26 17:47:47.380,0.2706,0.27096,0.03,0.02
2012.06.26 17:47:47.447,0.27053,0.27097,0.02,0.03
2012.06.26 17:47:47.956,0.27063,0.27099,0.03,0.04
2012.06.26 17:47:48.159,0.27038,0.2707,0.02,0.02
2012.06.26 17:47:48.391,0.27063,0.27099,0.03,0.04
2012.06.26 17:47:48.457,0.27064,0.27098,0.03,0.02
2012.06.26 17:47:51.221,0.27037,0.27069,0.04,0.02
2012.06.26 17:47:51.433,0.27039,0.27069,0.02,0.02
2012.06.26 17:47:53.686,0.27058,0.27096,0.03,0.02
2012.06.26 17:47:55.027,0.27033,0.27066,0.03,0.02
2012.06.26 17:47:57.292,0.27063,0.27093,0.02,0.04
2012.06.26 17:47:57.416,0.27054,0.27089,0.03,0.04
2012.06.26 17:47:57.476,0.27054,0.27089,0.03,0.04
2012.06.26 17:47:57.826,0.27054,0.27086,0.03,0.02
2012.06.26 17:47:57.886,0.27054,0.27086,0.03,0.02
2012.06.26 17:47:58.283,0.27046,0.27079,0.03,0.04
2012.06.26 17:47:59.107,0.27054,0.27085,0.02,0.05
2012.06.26 17:47:59.406,0.27023,0.2706,0.02,0.02
2012.06.26 17:47:59.584,0.27049,0.27088,0.03,0.02
2012.06.26 17:47:59.886,0.27054,0.27089,0.03,0.04
2012.06.26 17:48:00.024,0.27029,0.27066,0.02,0.02
2012.06.26 17:48:00.609,0.27054,0.27089,0.03,0.02
2012.06.26 17:48:05.607,0.27054,0.2709,0.03,0.02
2012.06.26 17:48:05.717,0.27031,0.27068,0.02,0.02
2012.06.26 17:48:05.837,0.27064,0.27099,0.03,0.02
2012.06.26 17:48:05.903,0.27036,0.27073,0.02,0.02
2012.06.26 17:48:06.036,0.2704,0.27071,0.04,0.02
2012.06.26 17:48:07.322,0.27063,0.27099,0.03,0.02
2012.06.26 17:48:07.541,0.27038,0.2707,0.03,0.02
2012.06.26 17:48:07.937,0.27054,0.27088,0.03,0.02
2012.06.26 17:48:08.436,0.27033,0.2707,0.02,0.02
2012.06.26 17:48:08.496,0.27054,0.27092,0.03,0.02
2012.06.26 17:48:08.556,0.2703,0.27063,0.08,0.02
2012.06.26 17:48:13.239,0.27028,0.27064,0.02,0.02
2012.06.26 17:48:15.907,0.27054,0.2709,0.03,0.02
2012.06.26 17:48:15.966,0.27064,0.27094,0.02,0.02
2012.06.26 17:48:16.026,0.27034,0.27067,0.03,0.02
2012.06.26 17:48:16.573,0.27063,0.27093,0.02,0.04
2012.06.26 17:48:16.715,0.27063,0.27094,0.02,0.05
2012.06.26 17:48:16.776,0.27063,0.271,0.02,0.04
2012.06.26 17:48:16.917,0.27063,0.271,0.03,0.06
2012.06.26 17:48:17.232,0.27064,0.27094,0.02,0.02
2012.06.26 17:48:17.616,0.27064,0.271,0.03,0.06
2012.06.26 17:48:18.626,0.2704,0.27072,0.04,0.02
2012.06.26 17:48:20.549,0.27037,0.2707,0.03,0.02
2012.06.26 17:48:22.977,0.27036,0.27068,0.08,0.02
2012.06.26 17:48:23.156,0.27054,0.27098,0.04,0.02
2012.06.26 17:48:23.217,0.27054,0.27098,0.03,0.02
2012.06.26 17:48:23.927,0.27035,0.27067,0.02,0.02
2012.06.26 17:48:24.480,0.27054,0.27092,0.03,0.02
2012.06.26 17:48:24.606,0.27053,0.27092,0.03,0.05
2012.06.26 17:48:25.092,0.27035,0.27067,0.02,0.02
2012.06.26 17:48:26.056,0.27053,0.27092,0.03,0.05
2012.06.26 17:48:26.586,0.27035,0.27067,0.02,0.02
2012.06.26 17:48:29.222,0.27036,0.27067,0.02,0.02
2012.06.26 17:48:30.968,0.27054,0.27089,0.03,0.02
2012.06.26 17:48:35.312,0.27064,0.27094,0.02,0.04
2012.06.26 17:48:35.825,0.27032,0.27069,0.02,0.02
2012.06.26 17:48:36.408,0.27058,0.2709,0.03,0.04
2012.06.26 17:48:37.446,0.27064,0.27095,0.02,0.05
2012.06.26 17:48:41.450,0.27064,0.27095,0.02,0.03
2012.06.26 17:48:43.376,0.27064,0.27094,0.02,0.04
2012.06.26 17:48:45.360,0.27063,0.27094,0.02,0.05
2012.06.26 17:48:46.006,0.27064,0.27094,0.02,0.04
2012.06.26 17:48:46.588,0.27056,0.2709,0.02,0.04
2012.06.26 17:48:48.046,0.27055,0.2709,0.02,0.04
2012.06.26 17:48:48.356,0.27064,0.27094,0.02,0.04
2012.06.26 17:48:49.236,0.27063,0.27096,0.02,0.02
2012.06.26 17:48:50.858,0.27064,0.27096,0.02,0.06
2012.06.26 17:48:52.069,0.27054,0.27096,0.03,0.06
2012.06.26 17:48:52.756,0.27054,0.27096,0.03,0.06
2012.06.26 17:48:52.889,0.27051,0.27091,0.02,0.02
2012.06.26 17:48:54.042,0.27054,0.27091,0.03,0.02
2012.06.26 17:49:11.016,0.27053,0.27089,0.03,0.04
2012.06.26 17:49:17.117,0.2705,0.27089,0.02,0.04
2012.06.26 17:49:17.616,0.27054,0.27089,0.02,0.04
2012.06.26 17:49:18.314,0.27054,0.27089,0.03,0.04
2012.06.26 17:49:19.236,0.27053,0.27089,0.03,0.04
2012.06.26 17:49:29.989,0.27054,0.27089,0.03,0.05
2012.06.26 17:49:31.638,0.27053,0.27089,0.03,0.05
2012.06.26 17:49:32.890,0.27055,0.27096,0.02,0.02
2012.06.26 17:49:33.326,0.27053,0.27093,0.02,0.02
2012.06.26 17:49:33.776,0.27051,0.27091,0.02,0.03
2012.06.26 17:49:34.196,0.27053,0.27089,0.02,0.04
2012.06.26 17:49:35.678,0.27054,0.27089,0.02,0.04
2012.06.26 17:49:36.272,0.27048,0.2708,0.03,0.05
2012.06.26 17:49:36.636,0.27048,0.2708,0.03,0.04
2012.06.26 17:49:38.646,0.27054,0.27084,0.02,0.04
2012.06.26 17:49:39.272,0.27053,0.27084,0.02,0.05
2012.06.26 17:49:42.436,0.27054,0.27084,0.02,0.04
2012.06.26 17:49:43.047,0.27053,0.27084,0.02,0.05
2012.06.26 17:49:43.337,0.27048,0.27087,0.03,0.03
2012.06.26 17:49:43.629,0.27053,0.27087,0.02,0.03
2012.06.26 17:49:44.259,0.27054,0.2709,0.03,0.04
2012.06.26 17:49:47.586,0.27054,0.2709,0.03,0.04
2012.06.26 17:49:52.576,0.27047,0.27087,0.02,0.04
2012.06.26 17:49:53.173,0.27048,0.2708,0.02,0.05
2012.06.26 17:49:53.687,0.27046,0.2708,0.03,0.05
2012.06.26 17:49:54.056,0.27046,0.2708,0.02,0.05
2012.06.26 17:49:54.226,0.27046,0.2708,0.03,0.05
2012.06.26 17:49:54.834,0.27054,0.27084,0.02,0.04
2012.06.26 17:49:57.316,0.27053,0.27087,0.02,0.02
2012.06.26 17:49:57.822,0.27054,0.27086,0.02,0.02
2012.06.26 17:49:59.248,0.27053,0.27087,0.02,0.02
2012.06.26 17:49:59.822,0.27054,0.27086,0.02,0.02
2012.06.26 17:50:00.846,0.27053,0.27087,0.02,0.02
2012.06.26 17:50:01.376,0.27048,0.27089,0.03,0.02
2012.06.26 17:50:01.586,0.27051,0.2709,0.02,0.05
2012.06.26 17:50:08.877,0.2705,0.2709,0.03,0.05
2012.06.26 17:50:09.533,0.27053,0.2709,0.03,0.05
2012.06.26 17:50:14.147,0.27053,0.2709,0.03,0.05
2012.06.26 17:50:14.558,0.27054,0.2709,0.03,0.04
2012.06.26 17:50:15.606,0.27054,0.27095,0.02,0.02
2012.06.26 17:50:19.346,0.27063,0.27097,0.02,0.04
2012.06.26 17:50:19.428,0.27054,0.27097,0.02,0.05
2012.06.26 17:50:20.368,0.27056,0.27097,0.02,0.04
2012.06.26 17:50:21.077,0.27055,0.27096,0.02,0.02
2012.06.26 17:50:29.776,0.27055,0.27097,0.02,0.06
2012.06.26 17:50:32.687,0.27067,0.27097,0.02,0.06
2012.06.26 17:50:35.929,0.27051,0.27092,0.02,0.03
2012.06.26 17:50:36.268,0.27058,0.27096,0.02,0.05
2012.06.26 17:50:37.376,0.27055,0.27089,0.02,0.05
2012.06.26 17:50:38.764,0.27061,0.27099,0.02,0.08
2012.06.26 17:50:42.542,0.27062,0.27099,0.02,0.08
2012.06.26 17:50:44.832,0.27068,0.27105,0.02,0.02
2012.06.26 17:50:55.116,0.27056,0.27094,0.02,0.02
2012.06.26 17:51:01.616,0.27065,0.27097,0.02,0.02
2012.06.26 17:51:03.289,0.2707,0.27107,0.02,0.02
2012.06.26 17:51:14.508,0.27073,0.27112,0.02,0.05
2012.06.26 17:51:24.226,0.2707,0.27107,0.02,0.02
2012.06.26 17:51:25.067,0.27073,0.27112,0.02,0.05
2012.06.26 17:51:25.751,0.27071,0.27108,0.02,0.08
2012.06.26 17:51:28.861,0.27075,0.27113,0.02,0.02
2012.06.26 17:51:29.676,0.2707,0.27106,0.02,0.04
2012.06.26 17:51:31.076,0.27067,0.27105,0.02,0.02
2012.06.26 17:51:33.221,0.2707,0.27107,0.02,0.02
2012.06.26 17:51:46.486,0.27073,0.27112,0.02,0.05
2012.06.26 17:51:48.196,0.2707,0.27108,0.02,0.02
2012.06.26 17:51:48.756,0.27063,0.27095,0.02,0.05
2012.06.26 17:51:49.507,0.2706,0.27092,0.03,0.05
2012.06.26 17:51:54.667,0.27072,0.27109,0.02,0.02
2012.06.26 17:52:03.243,0.27072,0.27107,0.02,0.04
2012.06.26 17:52:06.636,0.2707,0.27107,0.02,0.02
2012.06.26 17:52:07.246,0.27074,0.2711,0.02,0.03
2012.06.26 17:52:07.426,0.27065,0.27101,0.02,0.02
2012.06.26 17:52:08.270,0.27076,0.27114,0.02,0.03
2012.06.26 17:52:10.692,0.27079,0.27115,0.02,0.08
2012.06.26 17:52:10.821,0.27072,0.27103,0.02,0.05
2012.06.26 17:52:10.886,0.27072,0.27106,0.02,0.02
2012.06.26 17:52:11.897,0.27072,0.27106,0.02,0.03
2012.06.26 17:52:12.388,0.27066,0.27106,0.02,0.03
2012.06.26 17:52:12.447,0.27075,0.27113,0.02,0.03
2012.06.26 17:52:13.026,0.27063,0.271,0.03,0.05
2012.06.26 17:52:13.371,0.27072,0.2711,0.02,0.09
2012.06.26 17:52:15.266,0.27071,0.2711,0.02,0.09
2012.06.26 17:52:15.898,0.27059,0.2709,0.02,0.05
2012.06.26 17:52:16.106,0.27066,0.27103,0.02,0.05
2012.06.26 17:52:16.676,0.27067,0.27104,0.02,0.10
2012.06.26 17:52:18.769,0.2707,0.27109,0.02,0.02
2012.06.26 17:52:19.926,0.27067,0.27104,0.02,0.06
2012.06.26 17:52:35.876,0.27059,0.27097,0.03,0.02
2012.06.26 17:52:46.999,0.27057,0.2709,0.03,0.05
2012.06.26 17:53:04.559,0.27064,0.271,0.02,0.10
2012.06.26 17:53:06.880,0.27063,0.271,0.02,0.10
2012.06.26 17:53:08.326,0.27056,0.27094,0.03,0.05
2012.06.26 17:53:08.644,0.27056,0.27099,0.03,0.05
2012.06.26 17:53:13.757,0.27056,0.27099,0.03,0.05
2012.06.26 17:53:13.916,0.27053,0.27097,0.03,0.03
2012.06.26 17:53:14.476,0.27053,0.27097,0.03,0.03
2012.06.26 17:53:14.827,0.27054,0.2709,0.03,0.05
2012.06.26 17:53:15.806,0.27054,0.27096,0.03,0.06
2012.06.26 17:53:20.924,0.27053,0.27097,0.03,0.05
2012.06.26 17:53:21.516,0.27053,0.27097,0.03,0.03
2012.06.26 17:53:23.639,0.27063,0.27094,0.02,0.05
2012.06.26 17:53:24.054,0.27063,0.27096,0.02,0.05
2012.06.26 17:53:24.140,0.27064,0.271,0.04,0.05
2012.06.26 17:53:29.048,0.27064,0.271,0.03,0.04
2012.06.26 17:53:29.256,0.27063,0.271,0.03,0.04
2012.06.26 17:53:29.317,0.27064,0.271,0.02,0.04
2012.06.26 17:53:29.933,0.2706,0.27097,0.02,0.03
2012.06.26 17:53:30.348,0.27057,0.27089,0.02,0.04
2012.06.26 17:53:30.934,0.27062,0.27094,0.03,0.05
2012.06.26 17:53:31.057,0.27062,0.27099,0.03,0.05
2012.06.26 17:53:33.246,0.27063,0.27097,0.02,0.02
2012.06.26 17:53:33.993,0.27058,0.2709,0.02,0.04
2012.06.26 17:53:37.822,0.27064,0.27096,0.02,0.02
2012.06.26 17:53:43.104,0.27058,0.27089,0.02,0.04
2012.06.26 17:53:59.213,0.27064,0.27099,0.03,0.04
2012.06.26 17:53:59.277,0.27062,0.27099,0.03,0.05
2012.06.26 17:54:02.627,0.27063,0.27097,0.02,0.02
2012.06.26 17:54:03.181,0.27064,0.27094,0.02,0.04
2012.06.26 17:54:06.116,0.27064,0.27096,0.02,0.02
2012.06.26 17:54:06.376,0.27063,0.271,0.02,0.05
2012.06.26 17:54:26.737,0.27064,0.271,0.03,0.04
2012.06.26 17:54:42.656,0.27059,0.27096,0.02,0.05
2012.06.26 17:54:42.837,0.2706,0.27096,0.03,0.05
2012.06.26 17:54:43.177,0.27057,0.27089,0.02,0.04
2012.06.26 17:54:48.738,0.27057,0.27089,0.02,0.05
2012.06.26 17:54:52.195,0.27064,0.27096,0.02,0.04
2012.06.26 17:54:53.548,0.27057,0.27097,0.02,0.05
2012.06.26 17:54:54.901,0.27065,0.27102,0.02,0.02
2012.06.26 17:55:08.697,0.27062,0.27097,0.02,0.05
2012.06.26 17:55:09.583,0.27057,0.27089,0.02,0.04
2012.06.26 17:55:10.576,0.27064,0.27096,0.02,0.05
2012.06.26 17:55:15.746,0.27064,0.27101,0.04,0.04
2012.06.26 17:55:54.039,0.27063,0.271,0.02,0.07
2012.06.26 17:55:55.267,0.27054,0.27086,0.03,0.02
2012.06.26 17:55:55.327,0.27054,0.27086,0.02,0.03
2012.06.26 17:55:55.678,0.2705,0.27086,0.02,0.03
2012.06.26 17:55:55.928,0.27054,0.27089,0.03,0.06
2012.06.26 17:55:56.237,0.27053,0.27087,0.03,0.05
2012.06.26 17:55:56.361,0.27059,0.27096,0.02,0.02
2012.06.26 17:55:56.745,0.27053,0.27085,0.02,0.05
2012.06.26 17:55:57.431,0.27059,0.27096,0.02,0.06
2012.06.26 17:56:03.156,0.27052,0.27086,0.02,0.03
2012.06.26 17:56:11.867,0.27049,0.27089,0.02,0.05
2012.06.26 17:56:12.282,0.27053,0.27089,0.03,0.05
2012.06.26 17:56:12.406,0.27055,0.27089,0.02,0.05
2012.06.26 17:56:14.043,0.27058,0.27089,0.02,0.05
2012.06.26 17:56:14.517,0.27064,0.27101,0.02,0.02
2012.06.26 17:56:15.039,0.27064,0.271,0.02,0.04
2012.06.26 17:56:15.687,0.27067,0.27104,0.02,0.02
2012.06.26 17:56:16.187,0.27063,0.27097,0.02,0.03
2012.06.26 17:56:16.248,0.2707,0.27107,0.02,0.02
2012.06.26 17:56:16.397,0.27064,0.271,0.03,0.05
2012.06.26 17:56:16.994,0.27064,0.271,0.02,0.05
2012.06.26 17:56:28.978,0.27066,0.27103,0.02,0.03
2012.06.26 17:56:29.657,0.27059,0.27089,0.02,0.04
2012.06.26 17:56:33.056,0.27059,0.27091,0.02,0.04
2012.06.26 17:56:35.288,0.27066,0.27097,0.02,0.02
2012.06.26 17:56:39.216,0.27067,0.27104,0.02,0.04
2012.06.26 17:56:39.810,0.27065,0.27101,0.02,0.06
2012.06.26 17:56:43.017,0.27065,0.27101,0.02,0.05
2012.06.26 17:56:47.741,0.27056,0.2709,0.02,0.04
2012.06.26 17:56:53.352,0.27058,0.2709,0.02,0.04
2012.06.26 17:56:53.598,0.27062,0.27096,0.02,0.03
2012.06.26 17:56:53.817,0.27065,0.27096,0.02,0.03
2012.06.26 17:56:53.909,0.27068,0.27104,0.02,0.04
2012.06.26 17:56:54.344,0.27064,0.27099,0.02,0.05
2012.06.26 17:56:58.082,0.27065,0.27106,0.02,0.05
2012.06.26 17:56:58.207,0.27071,0.27108,0.02,0.02
2012.06.26 17:56:58.415,0.27074,0.27111,0.02,0.02
2012.06.26 17:56:58.763,0.27073,0.27109,0.03,0.05
2012.06.26 17:57:02.586,0.27073,0.27109,0.03,0.06
2012.06.26 17:57:02.647,0.2707,0.27106,0.02,0.03
2012.06.26 17:57:02.707,0.27069,0.27106,0.02,0.03
2012.06.26 17:57:02.766,0.27064,0.27104,0.03,0.03
2012.06.26 17:57:05.427,0.27071,0.27107,0.02,0.02
2012.06.26 17:57:09.258,0.27056,0.2709,0.02,0.05
2012.06.26 17:57:09.578,0.27067,0.27104,0.02,0.02
2012.06.26 17:57:10.081,0.27068,0.27105,0.02,0.08
2012.06.26 17:57:10.147,0.27071,0.27108,0.02,0.02
2012.06.26 17:57:12.567,0.27068,0.27105,0.02,0.05
2012.06.26 17:57:13.086,0.27063,0.271,0.03,0.04
2012.06.26 17:57:32.698,0.27069,0.27106,0.02,0.05
2012.06.26 17:57:32.878,0.27063,0.27104,0.03,0.03
2012.06.26 17:57:33.411,0.27065,0.27105,0.02,0.03
2012.06.26 17:57:33.477,0.27072,0.27109,0.02,0.05
2012.06.26 17:57:35.892,0.27066,0.27106,0.02,0.05
2012.06.26 17:57:36.111,0.27069,0.27109,0.03,0.05
2012.06.26 17:57:36.336,0.27077,0.27114,0.02,0.02
2012.06.26 17:57:36.958,0.27075,0.27112,0.02,0.02
2012.06.26 17:57:37.267,0.27066,0.27106,0.02,0.03
2012.06.26 17:57:37.387,0.27073,0.27111,0.02,0.02
2012.06.26 17:57:37.448,0.2707,0.27106,0.02,0.02
2012.06.26 17:57:44.106,0.27071,0.27108,0.02,0.02
2012.06.26 17:58:04.847,0.27071,0.27107,0.02,0.04
2012.06.26 17:58:06.818,0.27074,0.2711,0.03,0.08
2012.06.26 17:58:27.137,0.27074,0.27111,0.04,0.04
2012.06.26 17:58:32.841,0.27067,0.271,0.02,0.04
2012.06.26 17:58:33.317,0.27076,0.27115,0.02,0.02
2012.06.26 17:58:33.645,0.27076,0.27109,0.02,0.04
2012.06.26 17:58:34.301,0.27076,0.27109,0.02,0.04
2012.06.26 17:58:34.498,0.27082,0.27119,0.02,0.02
2012.06.26 17:58:36.165,0.27077,0.27114,0.02,0.02
2012.06.26 17:58:37.930,0.27074,0.2711,0.02,0.05
2012.06.26 17:58:38.717,0.27071,0.27109,0.02,0.02
2012.06.26 17:58:43.687,0.27079,0.27116,0.02,0.02
2012.06.26 17:58:43.807,0.27073,0.27109,0.03,0.05
2012.06.26 17:58:45.934,0.27081,0.27118,0.02,0.02
2012.06.26 17:58:46.087,0.27075,0.27109,0.02,0.04
2012.06.26 17:58:54.187,0.27084,0.27116,0.03,0.02
2012.06.26 17:58:54.247,0.27075,0.27115,0.02,0.03
2012.06.26 17:58:54.352,0.27085,0.27122,0.02,0.02
2012.06.26 17:58:54.907,0.27084,0.27116,0.02,0.05
2012.06.26 17:58:55.110,0.27077,0.27109,0.02,0.04
2012.06.26 17:58:55.358,0.27086,0.27123,0.02,0.02
2012.06.26 17:58:58.337,0.27081,0.27119,0.02,0.03
2012.06.26 17:58:58.853,0.27088,0.27125,0.02,0.02
2012.06.26 17:59:04.907,0.27079,0.27116,0.03,0.04
2012.06.26 17:59:06.077,0.27088,0.27124,0.02,0.02
2012.06.26 17:59:15.899,0.27081,0.27116,0.02,0.02
2012.06.26 17:59:16.363,0.27089,0.27126,0.02,0.04
2012.06.26 17:59:17.367,0.27084,0.2712,0.03,0.05
2012.06.26 17:59:19.317,0.27091,0.27128,0.02,0.02
2012.06.26 17:59:28.878,0.27085,0.27125,0.02,0.03
2012.06.26 17:59:32.257,0.27088,0.27125,0.02,0.02
2012.06.26 17:59:32.318,0.27084,0.27119,0.02,0.04
2012.06.26 17:59:33.720,0.2708,0.27119,0.03,0.05
2012.06.26 17:59:33.777,0.27087,0.27123,0.02,0.02
2012.06.26 17:59:33.837,0.27084,0.2712,0.03,0.02
2012.06.26 17:59:34.218,0.27075,0.27115,0.03,0.02
2012.06.26 17:59:37.377,0.27082,0.27119,0.02,0.02
2012.06.26 17:59:37.503,0.27077,0.27114,0.02,0.02
2012.06.26 17:59:37.569,0.2707,0.2711,0.02,0.05
2012.06.26 17:59:38.079,0.27069,0.27109,0.03,0.02
2012.06.26 17:59:42.196,0.27075,0.27114,0.02,0.03
2012.06.26 17:59:44.119,0.27078,0.27115,0.02,0.02
2012.06.26 17:59:45.372,0.27069,0.2711,0.03,0.07
2012.06.26 17:59:45.498,0.27075,0.27113,0.02,0.02
2012.06.26 17:59:45.558,0.27074,0.27107,0.03,0.02
2012.06.26 17:59:45.618,0.27059,0.27101,0.03,0.03
2012.06.26 17:59:45.768,0.27067,0.27104,0.02,0.02
2012.06.26 17:59:45.828,0.2706,0.27097,0.02,0.02
2012.06.26 17:59:46.691,0.27059,0.27099,0.02,0.03
2012.06.26 17:59:48.278,0.27069,0.27106,0.02,0.02
2012.06.26 17:59:50.028,0.2707,0.27106,0.02,0.04
2012.06.26 17:59:53.509,0.27066,0.27106,0.02,0.05
2012.06.26 17:59:53.568,0.27073,0.2711,0.02,0.02
2012.06.26 17:59:56.919,0.27067,0.271,0.02,0.04
2012.06.26 17:59:56.977,0.2707,0.27107,0.02,0.04
