2016.07.08 15:00:04.158,0.19861,0.19891,0.04,0.02
2016.07.08 15:00:04.360,0.19864,0.19894,0.04,0.02
2016.07.08 15:00:04.806,0.19864,0.19894,0.02,0.02
2016.07.08 15:00:04.927,0.19865,0.19896,0.04,0.04
2016.07.08 15:00:05.429,0.19865,0.19895,0.04,0.02
2016.07.08 15:00:06.086,0.19865,0.19896,0.04,0.04
2016.07.08 15:00:10.139,0.19866,0.19896,0.02,0.04
2016.07.08 15:00:10.519,0.19863,0.19893,0.05,0.01
2016.07.08 15:00:11.576,0.19862,0.19892,0.09,0.01
2016.07.08 15:00:11.876,0.1986,0.1989,0.02,0.02
2016.07.08 15:00:12.661,0.19861,0.19891,0.02,0.03
2016.07.08 15:00:13.321,0.1986,0.1989,0.04,0.02
2016.07.08 15:00:14.988,0.19862,0.19892,0.09,0.01
2016.07.08 15:00:15.313,0.19864,0.19894,0.04,0.02
2016.07.08 15:00:15.459,0.19865,0.19896,0.04,0.03
2016.07.08 15:00:16.162,0.19864,0.19894,0.04,0.02
2016.07.08 15:00:18.000,0.19867,0.19897,0.02,0.06
2016.07.08 15:00:25.100,0.19868,0.19898,0.02,0.06
2016.07.08 15:00:25.402,0.1987,0.199,0.02,0.06
2016.07.08 15:00:25.502,0.19866,0.19896,0.04,0.02
2016.07.08 15:00:26.141,0.19865,0.19895,0.04,0.02
2016.07.08 15:00:27.061,0.19863,0.19893,0.04,0.01
2016.07.08 15:00:27.112,0.19865,0.19895,0.02,0.03
2016.07.08 15:00:27.920,0.19866,0.19896,0.02,0.04
2016.07.08 15:00:28.479,0.19865,0.19895,0.04,0.02
2016.07.08 15:00:29.020,0.19867,0.19897,0.04,0.03
2016.07.08 15:00:29.689,0.19867,0.19897,0.04,0.03
2016.07.08 15:00:30.372,0.19866,0.19896,0.04,0.02
2016.07.08 15:00:30.836,0.19867,0.19897,0.09,0.01
2016.07.08 15:00:40.846,0.19866,0.19896,0.04,0.02
2016.07.08 15:00:41.347,0.19868,0.19898,0.04,0.03
2016.07.08 15:00:45.052,0.1987,0.199,0.09,0.02
2016.07.08 15:00:45.406,0.19873,0.19903,0.04,0.03
2016.07.08 15:01:01.721,0.19874,0.19904,0.02,0.04
2016.07.08 15:01:01.922,0.1987,0.199,0.02,0.02
2016.07.08 15:01:02.604,0.19871,0.19901,0.04,0.02
2016.07.08 15:01:06.002,0.19872,0.19902,0.02,0.05
2016.07.08 15:01:06.904,0.19871,0.19901,0.04,0.03
2016.07.08 15:01:07.437,0.19872,0.19902,0.04,0.03
2016.07.08 15:01:07.507,0.19871,0.19901,0.04,0.02
2016.07.08 15:01:07.740,0.19872,0.19902,0.04,0.01
2016.07.08 15:01:09.662,0.19875,0.19905,0.02,0.02
2016.07.08 15:01:10.163,0.19875,0.19905,0.02,0.04
2016.07.08 15:01:10.717,0.19871,0.19901,0.06,0.02
2016.07.08 15:01:10.768,0.1987,0.199,0.06,0.02
2016.07.08 15:01:14.732,0.1987,0.199,0.02,0.03
2016.07.08 15:01:15.275,0.19871,0.19901,0.02,0.07
2016.07.08 15:01:15.786,0.1987,0.199,0.02,0.05
2016.07.08 15:01:16.328,0.19868,0.19898,0.06,0.01
2016.07.08 15:01:19.388,0.19872,0.19902,0.02,0.07
2016.07.08 15:01:19.984,0.19873,0.19903,0.02,0.08
2016.07.08 15:01:20.676,0.19872,0.19902,0.02,0.07
2016.07.08 15:01:21.688,0.19871,0.19901,0.02,0.04
2016.07.08 15:01:22.349,0.19872,0.19902,0.02,0.07
2016.07.08 15:01:25.068,0.19873,0.19903,0.02,0.08
2016.07.08 15:01:27.563,0.1987,0.199,0.02,0.02
2016.07.08 15:01:29.358,0.19867,0.19897,0.12,0.01
2016.07.08 15:01:29.564,0.19867,0.19897,0.12,0.01
2016.07.08 15:01:30.097,0.19867,0.19897,0.04,0.02
2016.07.08 15:01:30.165,0.19864,0.19894,0.04,0.02
2016.07.08 15:01:30.750,0.19865,0.19895,0.04,0.02
2016.07.08 15:01:31.032,0.19867,0.19897,0.02,0.03
2016.07.08 15:01:31.082,0.19865,0.19895,0.04,0.02
2016.07.08 15:01:31.512,0.19867,0.19897,0.04,0.03
2016.07.08 15:01:32.312,0.19866,0.19896,0.04,0.02
2016.07.08 15:01:32.554,0.19867,0.19897,0.02,0.06
2016.07.08 15:01:34.095,0.19866,0.19896,0.02,0.02
2016.07.08 15:01:34.619,0.19867,0.19897,0.02,0.03
2016.07.08 15:01:34.921,0.19868,0.19898,0.04,0.03
2016.07.08 15:01:35.585,0.1987,0.199,0.02,0.06
2016.07.08 15:01:36.546,0.19866,0.19896,0.02,0.03
2016.07.08 15:01:37.016,0.19866,0.19896,0.02,0.03
2016.07.08 15:01:38.335,0.19865,0.19895,0.02,0.02
2016.07.08 15:01:38.688,0.19865,0.19895,0.02,0.04
2016.07.08 15:01:39.216,0.19866,0.19896,0.02,0.05
2016.07.08 15:01:39.807,0.19865,0.19895,0.02,0.02
2016.07.08 15:01:40.593,0.19866,0.19896,0.02,0.02
2016.07.08 15:01:41.172,0.19867,0.19897,0.02,0.05
2016.07.08 15:01:41.836,0.19865,0.19895,0.04,0.02
2016.07.08 15:01:42.400,0.19864,0.19894,0.04,0.02
2016.07.08 15:01:42.934,0.19863,0.19893,0.04,0.01
2016.07.08 15:01:43.611,0.19865,0.19895,0.02,0.05
2016.07.08 15:01:44.143,0.19865,0.19895,0.02,0.02
2016.07.08 15:01:45.052,0.19866,0.19896,0.02,0.02
2016.07.08 15:01:45.422,0.19867,0.19897,0.06,0.03
2016.07.08 15:01:45.740,0.19865,0.19895,0.06,0.02
2016.07.08 15:01:47.245,0.19865,0.19895,0.02,0.02
2016.07.08 15:01:47.789,0.19866,0.19896,0.02,0.03
2016.07.08 15:01:48.459,0.19865,0.19895,0.02,0.02
2016.07.08 15:01:49.161,0.19866,0.19896,0.02,0.02
2016.07.08 15:01:49.687,0.19867,0.19897,0.04,0.04
2016.07.08 15:01:50.220,0.19866,0.19896,0.02,0.03
2016.07.08 15:01:50.739,0.19866,0.19896,0.02,0.06
2016.07.08 15:01:51.347,0.19867,0.19897,0.02,0.05
2016.07.08 15:01:52.371,0.19868,0.19898,0.02,0.06
2016.07.08 15:01:52.948,0.19865,0.19895,0.04,0.02
2016.07.08 15:01:55.569,0.19866,0.19896,0.02,0.05
2016.07.08 15:01:56.250,0.19863,0.19893,0.04,0.03
2016.07.08 15:02:00.490,0.19866,0.19896,0.02,0.06
2016.07.08 15:02:01.155,0.19865,0.19895,0.02,0.02
2016.07.08 15:02:01.718,0.19866,0.19896,0.02,0.04
2016.07.08 15:02:02.697,0.19866,0.19896,0.04,0.01
2016.07.08 15:02:03.294,0.19867,0.19897,0.02,0.03
2016.07.08 15:02:03.954,0.19866,0.19896,0.04,0.02
2016.07.08 15:02:04.899,0.19865,0.19895,0.04,0.02
2016.07.08 15:02:05.000,0.19866,0.19896,0.02,0.06
2016.07.08 15:02:06.252,0.19863,0.19893,0.04,0.01
2016.07.08 15:02:07.272,0.19866,0.19896,0.02,0.04
2016.07.08 15:02:10.949,0.19865,0.19895,0.02,0.04
2016.07.08 15:02:11.707,0.19864,0.19894,0.02,0.03
2016.07.08 15:02:12.359,0.19865,0.19895,0.02,0.05
2016.07.08 15:02:13.186,0.19865,0.19895,0.02,0.04
2016.07.08 15:02:13.725,0.19866,0.19896,0.02,0.04
2016.07.08 15:02:14.238,0.19865,0.19895,0.02,0.03
2016.07.08 15:02:14.904,0.19866,0.19896,0.02,0.05
2016.07.08 15:02:15.786,0.19866,0.19896,0.02,0.04
2016.07.08 15:02:17.222,0.19868,0.19898,0.02,0.09
2016.07.08 15:02:17.739,0.19868,0.19898,0.04,0.01
2016.07.08 15:02:18.522,0.1987,0.199,0.02,0.02
2016.07.08 15:02:20.838,0.19868,0.19898,0.06,0.01
2016.07.08 15:02:21.340,0.19867,0.19897,0.06,0.01
2016.07.08 15:02:21.841,0.19869,0.19899,0.04,0.02
2016.07.08 15:02:22.843,0.19867,0.19897,0.06,0.01
2016.07.08 15:02:23.344,0.19868,0.19898,0.06,0.01
2016.07.08 15:02:24.747,0.19866,0.19896,0.06,0.01
2016.07.08 15:02:24.798,0.19865,0.19895,0.04,0.02
2016.07.08 15:02:26.202,0.19866,0.19896,0.04,0.04
2016.07.08 15:02:27.933,0.19867,0.19897,0.02,0.05
2016.07.08 15:02:32.107,0.19868,0.19898,0.02,0.09
2016.07.08 15:02:33.063,0.19863,0.19893,0.04,0.01
2016.07.08 15:02:33.217,0.19865,0.19895,0.02,0.03
2016.07.08 15:02:33.813,0.19866,0.19896,0.02,0.05
2016.07.08 15:02:33.914,0.19867,0.19897,0.02,0.06
2016.07.08 15:02:38.308,0.19866,0.19896,0.02,0.06
2016.07.08 15:02:40.671,0.19862,0.19892,0.06,0.01
2016.07.08 15:02:42.313,0.19863,0.19893,0.04,0.01
2016.07.08 15:02:45.183,0.19866,0.19896,0.02,0.06
2016.07.08 15:02:45.495,0.19867,0.19897,0.02,0.03
2016.07.08 15:02:47.667,0.19867,0.19897,0.02,0.08
2016.07.08 15:02:52.960,0.19866,0.19896,0.02,0.06
2016.07.08 15:02:53.963,0.19867,0.19897,0.02,0.07
2016.07.08 15:02:54.760,0.19866,0.19896,0.02,0.04
2016.07.08 15:02:55.412,0.19867,0.19897,0.02,0.07
2016.07.08 15:02:56.548,0.19866,0.19896,0.02,0.06
2016.07.08 15:03:01.889,0.1986,0.1989,0.02,0.02
2016.07.08 15:03:02.499,0.19859,0.19889,0.04,0.02
2016.07.08 15:03:03.085,0.19858,0.19888,0.04,0.01
2016.07.08 15:03:03.735,0.19858,0.19888,0.04,0.01
2016.07.08 15:03:04.149,0.1986,0.1989,0.04,0.02
2016.07.08 15:03:04.809,0.1986,0.1989,0.02,0.02
2016.07.08 15:03:05.594,0.19858,0.19888,0.06,0.01
2016.07.08 15:03:06.246,0.1986,0.1989,0.02,0.05
2016.07.08 15:03:06.677,0.19857,0.19887,0.04,0.05
2016.07.08 15:03:07.013,0.19852,0.19882,0.11,0.01
2016.07.08 15:03:07.353,0.19854,0.19884,0.04,0.02
2016.07.08 15:03:08.016,0.19853,0.19883,0.04,0.01
2016.07.08 15:03:09.153,0.19852,0.19882,0.11,0.01
2016.07.08 15:03:09.510,0.1985,0.1988,0.04,0.02
2016.07.08 15:03:10.219,0.19851,0.19881,0.04,0.03
2016.07.08 15:03:10.400,0.19848,0.19878,0.06,0.01
2016.07.08 15:03:10.913,0.19851,0.19881,0.02,0.04
2016.07.08 15:03:10.964,0.19851,0.19881,0.02,0.04
2016.07.08 15:03:11.616,0.19851,0.19881,0.04,0.02
2016.07.08 15:03:12.445,0.19852,0.19882,0.04,0.05
2016.07.08 15:03:12.804,0.1985,0.1988,0.04,0.02
2016.07.08 15:03:13.168,0.19849,0.19879,0.04,0.02
2016.07.08 15:03:13.219,0.19851,0.19881,0.04,0.03
2016.07.08 15:03:14.523,0.1985,0.1988,0.02,0.02
2016.07.08 15:03:14.573,0.19848,0.19878,0.04,0.01
2016.07.08 15:03:15.276,0.19847,0.19877,0.12,0.01
2016.07.08 15:03:17.664,0.19849,0.19879,0.04,0.02
2016.07.08 15:03:19.522,0.1985,0.1988,0.02,0.06
2016.07.08 15:03:20.433,0.19846,0.19876,0.04,0.01
2016.07.08 15:03:20.735,0.19846,0.19876,0.04,0.03
2016.07.08 15:03:26.351,0.1985,0.1988,0.02,0.08
2016.07.08 15:03:26.993,0.19851,0.19881,0.02,0.06
2016.07.08 15:03:32.899,0.19847,0.19877,0.04,0.01
2016.07.08 15:03:33.433,0.19847,0.19877,0.04,0.03
2016.07.08 15:03:33.751,0.19848,0.19878,0.04,0.03
2016.07.08 15:03:35.968,0.19847,0.19877,0.02,0.03
2016.07.08 15:03:36.077,0.19848,0.19878,0.04,0.01
2016.07.08 15:03:39.201,0.19847,0.19877,0.04,0.03
2016.07.08 15:03:39.749,0.1985,0.1988,0.02,0.04
2016.07.08 15:03:40.408,0.19851,0.19881,0.02,0.08
2016.07.08 15:03:43.768,0.19848,0.19878,0.06,0.01
2016.07.08 15:03:44.294,0.19852,0.19882,0.04,0.05
2016.07.08 15:03:44.345,0.19852,0.19882,0.04,0.05
2016.07.08 15:03:44.859,0.19851,0.19881,0.04,0.03
2016.07.08 15:03:44.910,0.19855,0.19885,0.02,0.02
2016.07.08 15:03:45.619,0.19853,0.19883,0.04,0.01
2016.07.08 15:03:46.181,0.19855,0.19885,0.02,0.02
2016.07.08 15:03:46.791,0.19856,0.19886,0.04,0.04
2016.07.08 15:03:58.415,0.19859,0.19889,0.02,0.06
2016.07.08 15:03:59.748,0.19859,0.19889,0.02,0.08
2016.07.08 15:04:00.727,0.19857,0.19887,0.02,0.05
2016.07.08 15:04:01.467,0.19856,0.19886,0.04,0.03
2016.07.08 15:04:08.629,0.19853,0.19883,0.04,0.01
2016.07.08 15:04:09.214,0.19857,0.19887,0.02,0.09
2016.07.08 15:04:13.052,0.19856,0.19886,0.02,0.11
2016.07.08 15:04:13.420,0.19852,0.19882,0.02,0.05
2016.07.08 15:04:13.694,0.19858,0.19888,0.04,0.03
2016.07.08 15:04:15.159,0.1986,0.1989,0.02,0.02
2016.07.08 15:04:15.853,0.19861,0.19891,0.02,0.06
2016.07.08 15:04:16.063,0.19856,0.19886,0.04,0.02
2016.07.08 15:04:16.602,0.19857,0.19887,0.08,0.03
2016.07.08 15:04:16.652,0.19861,0.19891,0.02,0.06
2016.07.08 15:04:17.154,0.19857,0.19887,0.08,0.01
2016.07.08 15:04:17.364,0.19857,0.19887,0.04,0.03
2016.07.08 15:04:17.916,0.19861,0.19891,0.02,0.06
2016.07.08 15:04:18.443,0.1986,0.1989,0.02,0.02
2016.07.08 15:04:24.468,0.19861,0.19891,0.02,0.06
2016.07.08 15:04:24.519,0.19861,0.19891,0.02,0.04
2016.07.08 15:04:24.570,0.19863,0.19893,0.02,0.06
2016.07.08 15:04:25.192,0.19863,0.19893,0.02,0.01
2016.07.08 15:04:25.754,0.19861,0.19891,0.04,0.03
2016.07.08 15:04:30.211,0.19862,0.19892,0.04,0.01
2016.07.08 15:04:31.193,0.19862,0.19892,0.04,0.02
2016.07.08 15:04:31.735,0.19862,0.19892,0.04,0.03
2016.07.08 15:04:32.294,0.19861,0.19891,0.04,0.02
2016.07.08 15:04:32.611,0.19863,0.19893,0.04,0.01
2016.07.08 15:04:33.512,0.19862,0.19892,0.04,0.01
2016.07.08 15:04:34.600,0.19862,0.19892,0.04,0.03
2016.07.08 15:04:38.436,0.19862,0.19892,0.08,0.01
2016.07.08 15:04:38.994,0.19862,0.19892,0.08,0.01
2016.07.08 15:04:39.628,0.19865,0.19895,0.02,0.02
2016.07.08 15:04:40.418,0.19865,0.19895,0.04,0.02
2016.07.08 15:04:40.930,0.19866,0.19896,0.04,0.03
2016.07.08 15:04:41.012,0.19867,0.19897,0.04,0.01
2016.07.08 15:04:41.726,0.19868,0.19898,0.06,0.01
2016.07.08 15:04:43.436,0.19866,0.19896,0.06,0.01
2016.07.08 15:04:43.519,0.19865,0.19895,0.06,0.02
2016.07.08 15:04:44.419,0.19866,0.19896,0.04,0.03
2016.07.08 15:04:44.922,0.19865,0.19895,0.04,0.02
2016.07.08 15:04:45.825,0.19866,0.19896,0.04,0.03
2016.07.08 15:04:47.909,0.1987,0.199,0.02,0.06
2016.07.08 15:04:48.519,0.19867,0.19897,0.04,0.04
2016.07.08 15:04:51.258,0.19863,0.19893,0.04,0.01
2016.07.08 15:04:51.310,0.19866,0.19896,0.02,0.06
2016.07.08 15:04:52.750,0.19865,0.19895,0.02,0.02
2016.07.08 15:04:53.452,0.19866,0.19896,0.04,0.03
2016.07.08 15:04:53.503,0.19866,0.19896,0.04,0.03
2016.07.08 15:04:55.561,0.19867,0.19897,0.02,0.05
2016.07.08 15:04:55.913,0.19863,0.19893,0.04,0.01
2016.07.08 15:04:56.601,0.19863,0.19893,0.04,0.01
2016.07.08 15:04:57.261,0.19867,0.19897,0.02,0.09
2016.07.08 15:05:00.224,0.19866,0.19896,0.02,0.06
2016.07.08 15:05:00.804,0.19863,0.19893,0.04,0.01
2016.07.08 15:05:04.093,0.19868,0.19898,0.02,0.10
2016.07.08 15:05:04.144,0.19866,0.19896,0.02,0.03
2016.07.08 15:05:06.839,0.19867,0.19897,0.06,0.01
2016.07.08 15:05:07.441,0.19867,0.19897,0.08,0.01
2016.07.08 15:05:08.047,0.1987,0.199,0.02,0.02
2016.07.08 15:05:10.364,0.19869,0.19899,0.04,0.02
2016.07.08 15:05:14.843,0.19867,0.19897,0.04,0.02
2016.07.08 15:05:15.101,0.19866,0.19896,0.02,0.04
2016.07.08 15:05:18.634,0.19865,0.19895,0.04,0.02
2016.07.08 15:05:20.581,0.19863,0.19893,0.04,0.01
2016.07.08 15:05:21.833,0.19867,0.19897,0.02,0.10
2016.07.08 15:05:23.137,0.19866,0.19896,0.02,0.07
2016.07.08 15:05:29.757,0.19867,0.19897,0.02,0.10
2016.07.08 15:05:30.008,0.19867,0.19897,0.02,0.01
2016.07.08 15:05:33.845,0.19867,0.19897,0.02,0.05
2016.07.08 15:05:34.582,0.19867,0.19897,0.02,0.01
2016.07.08 15:05:37.274,0.19868,0.19898,0.02,0.09
2016.07.08 15:05:38.031,0.19864,0.19895,0.04,0.02
2016.07.08 15:05:38.132,0.19862,0.19892,0.04,0.01
2016.07.08 15:05:38.183,0.19862,0.19892,0.02,0.04
2016.07.08 15:05:38.878,0.19861,0.19891,0.04,0.03
2016.07.08 15:05:39.830,0.19857,0.19887,0.07,0.01
2016.07.08 15:05:40.260,0.19858,0.19888,0.04,0.01
2016.07.08 15:05:40.807,0.1986,0.1989,0.02,0.02
2016.07.08 15:05:42.920,0.19858,0.19888,0.06,0.01
2016.07.08 15:05:44.063,0.1986,0.1989,0.04,0.02
2016.07.08 15:05:44.659,0.19863,0.19893,0.02,0.08
2016.07.08 15:05:44.724,0.19857,0.19887,0.07,0.01
2016.07.08 15:05:44.897,0.19861,0.19891,0.02,0.07
2016.07.08 15:05:50.246,0.19858,0.19888,0.06,0.01
2016.07.08 15:05:50.790,0.19857,0.19887,0.06,0.01
2016.07.08 15:05:51.341,0.19857,0.19887,0.06,0.01
2016.07.08 15:05:51.958,0.19862,0.19892,0.02,0.10
2016.07.08 15:05:52.946,0.19857,0.19887,0.04,0.01
2016.07.08 15:05:53.047,0.19857,0.19887,0.04,0.03
2016.07.08 15:05:53.996,0.19856,0.19886,0.04,0.02
2016.07.08 15:05:59.319,0.19858,0.19888,0.04,0.01
2016.07.08 15:06:00.718,0.19856,0.19886,0.04,0.01
2016.07.08 15:06:00.769,0.19856,0.19886,0.02,0.03
2016.07.08 15:06:02.047,0.19857,0.19887,0.08,0.01
2016.07.08 15:06:08.064,0.19858,0.19888,0.06,0.03
2016.07.08 15:06:08.220,0.19856,0.19886,0.02,0.02
2016.07.08 15:06:09.030,0.19856,0.19886,0.04,0.02
2016.07.08 15:06:09.682,0.19856,0.19886,0.02,0.03
2016.07.08 15:06:11.931,0.19853,0.19883,0.04,0.01
2016.07.08 15:06:12.032,0.19856,0.19886,0.02,0.05
2016.07.08 15:06:16.487,0.19853,0.19883,0.04,0.01
2016.07.08 15:06:16.588,0.19857,0.19887,0.02,0.05
2016.07.08 15:06:17.095,0.19858,0.19888,0.02,0.06
2016.07.08 15:06:18.393,0.19857,0.19887,0.04,0.04
2016.07.08 15:06:19.147,0.19856,0.19886,0.02,0.03
2016.07.08 15:06:28.118,0.19859,0.19889,0.02,0.08
2016.07.08 15:06:28.654,0.19856,0.19886,0.04,0.03
2016.07.08 15:06:29.807,0.19858,0.19888,0.02,0.09
2016.07.08 15:06:31.161,0.19853,0.19883,0.04,0.01
2016.07.08 15:06:31.281,0.19856,0.19886,0.02,0.06
2016.07.08 15:06:32.770,0.19852,0.19882,0.04,0.03
2016.07.08 15:06:32.921,0.19851,0.19881,0.02,0.03
2016.07.08 15:06:33.477,0.19852,0.19882,0.04,0.05
2016.07.08 15:06:34.670,0.19851,0.19881,0.04,0.01
2016.07.08 15:06:35.209,0.19851,0.19881,0.04,0.03
2016.07.08 15:06:35.790,0.19853,0.19883,0.04,0.01
2016.07.08 15:06:36.324,0.19852,0.19882,0.06,0.01
2016.07.08 15:06:36.945,0.19855,0.19885,0.02,0.02
2016.07.08 15:06:37.849,0.19853,0.19883,0.04,0.01
2016.07.08 15:06:38.986,0.19853,0.19883,0.04,0.01
2016.07.08 15:06:39.488,0.19857,0.19887,0.02,0.08
2016.07.08 15:06:39.826,0.19857,0.19887,0.02,0.05
2016.07.08 15:06:39.877,0.19859,0.19889,0.02,0.08
2016.07.08 15:06:40.654,0.19857,0.19887,0.04,0.01
2016.07.08 15:06:41.313,0.19857,0.19887,0.08,0.01
2016.07.08 15:06:45.751,0.19859,0.19889,0.04,0.02
2016.07.08 15:06:46.318,0.1986,0.1989,0.02,0.06
2016.07.08 15:06:46.732,0.19859,0.19889,0.04,0.02
2016.07.08 15:06:47.830,0.19857,0.19887,0.04,0.01
2016.07.08 15:06:48.161,0.1986,0.1989,0.02,0.03
2016.07.08 15:06:50.664,0.19859,0.19889,0.04,0.02
2016.07.08 15:06:54.774,0.1986,0.1989,0.02,0.06
2016.07.08 15:06:55.359,0.19857,0.19887,0.04,0.03
2016.07.08 15:06:55.872,0.19857,0.19887,0.04,0.01
2016.07.08 15:06:56.378,0.19857,0.19887,0.08,0.01
2016.07.08 15:06:58.398,0.1986,0.1989,0.02,0.03
2016.07.08 15:06:58.997,0.19859,0.19889,0.04,0.02
2016.07.08 15:07:01.106,0.1986,0.1989,0.02,0.06
2016.07.08 15:07:02.883,0.19857,0.19887,0.04,0.03
2016.07.08 15:07:02.995,0.19856,0.19886,0.04,0.03
2016.07.08 15:07:04.364,0.19856,0.19886,0.04,0.01
2016.07.08 15:07:05.144,0.19856,0.19886,0.02,0.03
2016.07.08 15:07:05.598,0.19859,0.19889,0.04,0.02
2016.07.08 15:07:06.688,0.1986,0.1989,0.02,0.03
2016.07.08 15:07:06.973,0.1986,0.1989,0.02,0.05
2016.07.08 15:07:10.906,0.1986,0.1989,0.02,0.03
2016.07.08 15:07:11.007,0.19861,0.19891,0.04,0.01
2016.07.08 15:07:15.116,0.19862,0.19892,0.04,0.03
2016.07.08 15:07:15.799,0.19862,0.19892,0.06,0.03
2016.07.08 15:07:16.318,0.19863,0.19893,0.04,0.03
2016.07.08 15:07:16.880,0.19862,0.19892,0.04,0.05
2016.07.08 15:07:17.720,0.19863,0.19893,0.04,0.01
2016.07.08 15:07:18.033,0.19862,0.19892,0.02,0.05
2016.07.08 15:07:19.822,0.19862,0.19892,0.04,0.04
2016.07.08 15:07:20.811,0.19863,0.19893,0.04,0.01
2016.07.08 15:07:21.325,0.19862,0.19892,0.08,0.01
2016.07.08 15:07:21.698,0.19865,0.19895,0.04,0.03
2016.07.08 15:07:21.749,0.19866,0.19896,0.04,0.04
2016.07.08 15:07:21.926,0.19865,0.19895,0.04,0.02
2016.07.08 15:07:24.907,0.19862,0.19892,0.09,0.01
2016.07.08 15:07:27.142,0.19865,0.19895,0.04,0.02
2016.07.08 15:07:27.474,0.19867,0.19897,0.04,0.05
2016.07.08 15:07:30.625,0.19866,0.19896,0.04,0.01
2016.07.08 15:07:31.193,0.19866,0.19896,0.04,0.03
2016.07.08 15:07:31.833,0.19867,0.19897,0.04,0.05
2016.07.08 15:07:33.404,0.19866,0.19896,0.04,0.03
2016.07.08 15:07:40.453,0.19862,0.19892,0.04,0.01
2016.07.08 15:07:40.604,0.19862,0.19892,0.02,0.04
2016.07.08 15:07:41.152,0.19862,0.19892,0.04,0.02
2016.07.08 15:07:41.762,0.19862,0.19892,0.04,0.04
2016.07.08 15:07:43.193,0.19861,0.19891,0.04,0.02
2016.07.08 15:07:44.411,0.19862,0.19892,0.08,0.01
2016.07.08 15:07:44.879,0.19865,0.19895,0.02,0.02
2016.07.08 15:07:45.392,0.19864,0.19894,0.04,0.02
2016.07.08 15:07:50.895,0.19867,0.19897,0.02,0.12
2016.07.08 15:07:59.258,0.19866,0.19896,0.02,0.07
2016.07.08 15:08:00.299,0.19865,0.19895,0.02,0.08
2016.07.08 15:08:00.400,0.19863,0.19893,0.02,0.06
2016.07.08 15:08:01.416,0.19862,0.19892,0.04,0.02
2016.07.08 15:08:02.170,0.19863,0.19893,0.04,0.01
2016.07.08 15:08:04.607,0.19867,0.19897,0.02,0.12
2016.07.08 15:08:05.344,0.19863,0.19893,0.04,0.01
2016.07.08 15:08:19.540,0.19867,0.19897,0.02,0.12
2016.07.08 15:08:24.281,0.19862,0.19892,0.04,0.01
2016.07.08 15:08:24.881,0.19865,0.19895,0.02,0.06
2016.07.08 15:08:26.370,0.19862,0.19892,0.04,0.03
2016.07.08 15:08:26.907,0.19861,0.19891,0.04,0.04
2016.07.08 15:08:31.612,0.19862,0.19892,0.02,0.09
2016.07.08 15:08:32.293,0.19858,0.19888,0.06,0.01
2016.07.08 15:08:32.827,0.19863,0.19893,0.02,0.08
2016.07.08 15:08:33.051,0.19861,0.19891,0.04,0.02
2016.07.08 15:08:33.203,0.19866,0.19896,0.04,0.01
2016.07.08 15:08:33.259,0.19864,0.19896,0.04,0.02
2016.07.08 15:08:33.823,0.19866,0.19896,0.02,0.03
2016.07.08 15:08:35.813,0.19866,0.19896,0.04,0.01
2016.07.08 15:08:36.593,0.19866,0.19896,0.04,0.01
2016.07.08 15:08:36.794,0.19868,0.19898,0.04,0.03
2016.07.08 15:08:37.995,0.19871,0.19901,0.02,0.08
2016.07.08 15:08:38.992,0.1987,0.199,0.02,0.03
2016.07.08 15:08:39.402,0.19865,0.19896,0.04,0.03
2016.07.08 15:08:42.921,0.19865,0.19895,0.04,0.02
2016.07.08 15:08:44.558,0.19863,0.19893,0.04,0.01
2016.07.08 15:08:45.305,0.19863,0.19893,0.04,0.01
2016.07.08 15:08:48.413,0.19867,0.19897,0.02,0.08
2016.07.08 15:08:50.819,0.19868,0.19898,0.02,0.10
2016.07.08 15:08:50.870,0.19866,0.19896,0.02,0.01
2016.07.08 15:08:53.870,0.19867,0.19897,0.08,0.01
2016.07.08 15:08:53.925,0.1987,0.199,0.02,0.06
2016.07.08 15:08:54.238,0.1987,0.199,0.02,0.02
2016.07.08 15:08:55.830,0.19869,0.19899,0.04,0.02
2016.07.08 15:08:57.234,0.19872,0.19902,0.02,0.12
2016.07.08 15:09:04.454,0.19871,0.19901,0.02,0.08
2016.07.08 15:09:09.465,0.19872,0.19902,0.02,0.09
2016.07.08 15:09:09.728,0.19871,0.19901,0.04,0.04
2016.07.08 15:09:11.058,0.19871,0.19901,0.04,0.03
2016.07.08 15:09:11.209,0.19875,0.19905,0.02,0.03
2016.07.08 15:09:16.379,0.19876,0.19906,0.02,0.08
2016.07.08 15:09:16.454,0.19877,0.19907,0.04,0.05
2016.07.08 15:09:16.606,0.19879,0.19909,0.04,0.02
2016.07.08 15:09:16.807,0.19876,0.19906,0.06,0.02
2016.07.08 15:09:17.009,0.19879,0.19909,0.04,0.02
2016.07.08 15:09:20.437,0.19881,0.19911,0.04,0.02
2016.07.08 15:09:21.088,0.1988,0.1991,0.04,0.02
2016.07.08 15:09:29.415,0.19881,0.19911,0.02,0.04
2016.07.08 15:09:30.107,0.19882,0.19912,0.02,0.07
2016.07.08 15:09:30.699,0.19881,0.19911,0.02,0.04
2016.07.08 15:09:31.356,0.19882,0.19912,0.02,0.07
2016.07.08 15:09:39.324,0.19883,0.19913,0.02,0.09
2016.07.08 15:09:41.931,0.19882,0.19912,0.04,0.03
2016.07.08 15:09:42.032,0.19886,0.19916,0.02,0.04
2016.07.08 15:09:42.436,0.19886,0.19916,0.04,0.02
2016.07.08 15:09:42.816,0.19888,0.19918,0.02,0.04
2016.07.08 15:09:42.866,0.19891,0.19921,0.02,0.02
2016.07.08 15:09:42.967,0.19892,0.19922,0.06,0.01
2016.07.08 15:09:44.053,0.19893,0.19923,0.04,0.01
2016.07.08 15:09:44.481,0.19895,0.19925,0.02,0.02
2016.07.08 15:09:45.050,0.19894,0.19924,0.04,0.02
2016.07.08 15:09:45.744,0.19895,0.19925,0.04,0.02
2016.07.08 15:09:46.058,0.19897,0.19927,0.02,0.03
2016.07.08 15:09:46.812,0.19896,0.19926,0.04,0.02
2016.07.08 15:09:47.142,0.19895,0.19925,0.02,0.05
2016.07.08 15:09:47.690,0.19896,0.19926,0.02,0.04
2016.07.08 15:09:48.303,0.19897,0.19927,0.02,0.06
2016.07.08 15:09:48.892,0.19896,0.19926,0.02,0.03
2016.07.08 15:09:49.263,0.19892,0.19922,0.06,0.02
2016.07.08 15:09:49.315,0.1989,0.19922,0.06,0.03
2016.07.08 15:09:49.935,0.19892,0.19922,0.06,0.01
2016.07.08 15:09:50.445,0.19896,0.19926,0.02,0.06
2016.07.08 15:09:50.971,0.19895,0.19925,0.04,0.02
2016.07.08 15:09:52.286,0.19896,0.19926,0.02,0.03
2016.07.08 15:09:53.127,0.19893,0.19924,0.05,0.02
2016.07.08 15:09:54.164,0.19895,0.19925,0.04,0.02
2016.07.08 15:09:55.757,0.19895,0.19925,0.04,0.02
2016.07.08 15:09:57.144,0.19897,0.19927,0.08,0.01
2016.07.08 15:09:58.576,0.19905,0.19935,0.02,0.05
2016.07.08 15:09:58.628,0.19902,0.19932,0.08,0.01
2016.07.08 15:10:00.995,0.19903,0.19933,0.04,0.01
2016.07.08 15:10:02.355,0.19901,0.19932,0.08,0.02
2016.07.08 15:10:02.484,0.19901,0.19931,0.02,0.04
2016.07.08 15:10:02.886,0.19902,0.19932,0.08,0.03
2016.07.08 15:10:03.587,0.19902,0.19932,0.04,0.03
2016.07.08 15:10:04.472,0.19902,0.19932,0.04,0.03
2016.07.08 15:10:05.023,0.19902,0.19932,0.04,0.03
2016.07.08 15:10:05.795,0.19903,0.19933,0.04,0.01
2016.07.08 15:10:07.494,0.19905,0.19935,0.02,0.05
2016.07.08 15:10:08.008,0.199,0.1993,0.04,0.02
2016.07.08 15:10:08.582,0.19902,0.19932,0.04,0.03
2016.07.08 15:10:08.632,0.19902,0.19932,0.08,0.01
2016.07.08 15:10:08.945,0.19902,0.19932,0.06,0.03
2016.07.08 15:10:11.110,0.19901,0.19931,0.04,0.02
2016.07.08 15:10:11.261,0.19898,0.19928,0.04,0.01
2016.07.08 15:10:11.311,0.199,0.1993,0.02,0.03
2016.07.08 15:10:12.169,0.19896,0.19926,0.02,0.02
2016.07.08 15:10:12.471,0.19897,0.19927,0.08,0.01
2016.07.08 15:10:12.572,0.19899,0.19929,0.04,0.02
2016.07.08 15:10:12.623,0.19902,0.19932,0.02,0.03
2016.07.08 15:10:13.374,0.199,0.19931,0.04,0.02
2016.07.08 15:10:13.822,0.19899,0.19929,0.04,0.02
2016.07.08 15:10:15.549,0.19898,0.19928,0.04,0.01
2016.07.08 15:10:15.894,0.19901,0.19931,0.04,0.02
2016.07.08 15:10:16.874,0.19902,0.19932,0.04,0.03
2016.07.08 15:10:17.590,0.19901,0.19931,0.04,0.02
2016.07.08 15:10:18.355,0.19902,0.19932,0.02,0.03
2016.07.08 15:10:18.620,0.19903,0.19933,0.04,0.01
2016.07.08 15:10:19.192,0.19902,0.19932,0.08,0.01
2016.07.08 15:10:21.097,0.19903,0.19933,0.04,0.01
2016.07.08 15:10:22.863,0.19905,0.19935,0.04,0.02
2016.07.08 15:10:22.914,0.19908,0.19938,0.01,0.04
2016.07.08 15:10:22.965,0.19908,0.19941,0.02,0.04
2016.07.08 15:10:23.337,0.19915,0.19945,0.02,0.05
2016.07.08 15:10:24.573,0.19915,0.19945,0.04,0.02
2016.07.08 15:10:24.848,0.1992,0.1995,0.02,0.02
2016.07.08 15:10:25.426,0.19921,0.19951,0.04,0.02
2016.07.08 15:10:25.809,0.19921,0.19951,0.02,0.03
2016.07.08 15:10:26.487,0.19922,0.19952,0.02,0.07
2016.07.08 15:10:27.088,0.19921,0.19951,0.02,0.03
2016.07.08 15:10:27.485,0.19921,0.19951,0.04,0.02
2016.07.08 15:10:28.163,0.1992,0.1995,0.04,0.02
2016.07.08 15:10:28.694,0.19922,0.19952,0.08,0.01
2016.07.08 15:10:29.697,0.19922,0.19952,0.04,0.05
2016.07.08 15:10:29.798,0.1992,0.1995,0.02,0.02
2016.07.08 15:10:30.379,0.19921,0.19951,0.02,0.03
2016.07.08 15:10:33.057,0.19922,0.19952,0.06,0.05
2016.07.08 15:10:33.108,0.19922,0.19952,0.08,0.01
2016.07.08 15:10:33.554,0.19921,0.19951,0.02,0.05
2016.07.08 15:10:33.811,0.1992,0.1995,0.04,0.02
2016.07.08 15:10:34.742,0.1992,0.1995,0.02,0.02
2016.07.08 15:10:35.311,0.19921,0.19951,0.04,0.02
2016.07.08 15:10:35.917,0.19921,0.19951,0.02,0.03
2016.07.08 15:10:36.422,0.1992,0.1995,0.02,0.02
2016.07.08 15:10:37.826,0.19921,0.19951,0.04,0.02
2016.07.08 15:10:38.435,0.19924,0.19954,0.02,0.08
2016.07.08 15:10:38.737,0.19923,0.19953,0.04,0.01
2016.07.08 15:10:39.289,0.19921,0.19951,0.02,0.04
2016.07.08 15:10:41.610,0.1992,0.1995,0.02,0.03
2016.07.08 15:10:42.045,0.19919,0.19949,0.04,0.02
2016.07.08 15:10:42.952,0.19919,0.19949,0.04,0.02
2016.07.08 15:10:43.447,0.1992,0.1995,0.02,0.04
2016.07.08 15:10:43.498,0.19915,0.19946,0.04,0.02
2016.07.08 15:10:43.549,0.19914,0.19944,0.02,0.02
2016.07.08 15:10:44.158,0.19914,0.19944,0.04,0.02
2016.07.08 15:10:45.583,0.19913,0.19943,0.04,0.01
2016.07.08 15:10:45.854,0.19916,0.19946,0.02,0.02
2016.07.08 15:10:46.311,0.19916,0.19946,0.02,0.04
2016.07.08 15:10:46.986,0.19917,0.19947,0.02,0.07
2016.07.08 15:10:47.540,0.19919,0.19949,0.04,0.02
2016.07.08 15:10:47.787,0.19919,0.19949,0.02,0.02
2016.07.08 15:10:48.444,0.19919,0.19949,0.04,0.02
2016.07.08 15:10:48.660,0.19921,0.19951,0.02,0.02
2016.07.08 15:10:49.162,0.19922,0.19952,0.04,0.03
2016.07.08 15:10:49.709,0.19922,0.19952,0.08,0.01
2016.07.08 15:10:49.966,0.19921,0.19951,0.04,0.02
2016.07.08 15:10:50.893,0.19918,0.19948,0.06,0.01
2016.07.08 15:10:51.070,0.1992,0.1995,0.02,0.05
2016.07.08 15:10:53.412,0.19916,0.19946,0.04,0.02
2016.07.08 15:10:53.513,0.19916,0.19946,0.04,0.04
2016.07.08 15:10:53.630,0.19915,0.19945,0.02,0.02
2016.07.08 15:10:54.213,0.19916,0.19946,0.02,0.04
2016.07.08 15:10:54.531,0.1991,0.1994,0.02,0.02
2016.07.08 15:10:56.403,0.19911,0.19941,0.02,0.05
2016.07.08 15:10:56.991,0.19909,0.19939,0.02,0.02
2016.07.08 15:10:57.497,0.19904,0.19934,0.04,0.02
2016.07.08 15:10:58.454,0.19903,0.19934,0.05,0.02
2016.07.08 15:10:58.762,0.199,0.1993,0.04,0.02
2016.07.08 15:10:59.037,0.19897,0.19927,0.04,0.01
2016.07.08 15:10:59.244,0.19896,0.19926,0.02,0.02
2016.07.08 15:10:59.926,0.19897,0.19927,0.06,0.03
2016.07.08 15:11:00.413,0.19899,0.19929,0.04,0.02
2016.07.08 15:11:00.925,0.19901,0.19931,0.04,0.02
2016.07.08 15:11:01.466,0.19902,0.19932,0.02,0.04
2016.07.08 15:11:02.411,0.19902,0.19932,0.04,0.02
2016.07.08 15:11:03.072,0.19903,0.19933,0.04,0.01
2016.07.08 15:11:03.507,0.19907,0.19937,0.02,0.05
2016.07.08 15:11:03.621,0.19907,0.19937,0.02,0.03
2016.07.08 15:11:04.169,0.19906,0.19936,0.04,0.02
2016.07.08 15:11:06.316,0.19905,0.19935,0.04,0.02
2016.07.08 15:11:06.975,0.19906,0.19936,0.02,0.04
2016.07.08 15:11:07.562,0.19904,0.19934,0.04,0.02
2016.07.08 15:11:08.232,0.19902,0.19932,0.04,0.01
2016.07.08 15:11:08.644,0.19905,0.19935,0.04,0.02
2016.07.08 15:11:09.234,0.19903,0.19933,0.04,0.01
2016.07.08 15:11:10.042,0.19904,0.19934,0.04,0.02
2016.07.08 15:11:10.964,0.19903,0.19933,0.04,0.03
2016.07.08 15:11:11.933,0.19898,0.19928,0.04,0.01
2016.07.08 15:11:11.984,0.199,0.19931,0.04,0.02
2016.07.08 15:11:12.085,0.199,0.1993,0.02,0.05
2016.07.08 15:11:12.634,0.19898,0.19928,0.04,0.02
2016.07.08 15:11:12.966,0.19898,0.19928,0.04,0.03
2016.07.08 15:11:13.067,0.19894,0.19924,0.04,0.02
2016.07.08 15:11:13.735,0.19895,0.19925,0.02,0.02
2016.07.08 15:11:14.092,0.199,0.1993,0.02,0.03
2016.07.08 15:11:14.393,0.19897,0.19927,0.08,0.01
2016.07.08 15:11:14.932,0.19896,0.19926,0.02,0.02
2016.07.08 15:11:15.443,0.19895,0.19925,0.02,0.02
2016.07.08 15:11:17.151,0.19896,0.19926,0.02,0.03
2016.07.08 15:11:17.699,0.19896,0.19926,0.02,0.01
2016.07.08 15:11:18.380,0.19896,0.19926,0.02,0.03
2016.07.08 15:11:18.989,0.19896,0.19926,0.02,0.01
2016.07.08 15:11:19.578,0.19896,0.19926,0.02,0.04
2016.07.08 15:11:20.059,0.19898,0.19928,0.04,0.03
2016.07.08 15:11:22.973,0.19897,0.19927,0.08,0.01
2016.07.08 15:11:27.064,0.19897,0.19927,0.02,0.03
2016.07.08 15:11:27.114,0.19897,0.19927,0.06,0.03
2016.07.08 15:11:27.678,0.19898,0.19928,0.01,0.03
2016.07.08 15:11:28.286,0.19899,0.19929,0.04,0.02
2016.07.08 15:11:28.904,0.19897,0.19927,0.08,0.01
2016.07.08 15:11:29.850,0.19897,0.19927,0.08,0.03
2016.07.08 15:11:30.152,0.19897,0.19927,0.02,0.07
2016.07.08 15:11:30.905,0.19897,0.19927,0.02,0.07
2016.07.08 15:11:31.938,0.19896,0.19926,0.02,0.05
2016.07.08 15:11:34.444,0.19896,0.19926,0.02,0.06
2016.07.08 15:11:34.945,0.19895,0.19925,0.02,0.02
2016.07.08 15:11:35.276,0.19895,0.19925,0.04,0.02
2016.07.08 15:11:35.931,0.19894,0.19924,0.04,0.02
2016.07.08 15:11:36.560,0.19896,0.19926,0.02,0.05
2016.07.08 15:11:37.077,0.19895,0.19925,0.02,0.02
2016.07.08 15:11:38.572,0.19897,0.19927,0.08,0.01
2016.07.08 15:11:39.852,0.19898,0.19928,0.02,0.04
2016.07.08 15:11:39.960,0.19896,0.19926,0.02,0.05
2016.07.08 15:11:40.870,0.19895,0.19925,0.04,0.02
2016.07.08 15:11:41.172,0.19903,0.19933,0.04,0.03
2016.07.08 15:11:41.817,0.19902,0.19932,0.08,0.01
2016.07.08 15:11:43.478,0.19902,0.19932,0.08,0.03
2016.07.08 15:11:44.023,0.19903,0.19933,0.04,0.02
2016.07.08 15:11:44.545,0.19906,0.19936,0.02,0.04
2016.07.08 15:11:44.868,0.19905,0.19935,0.02,0.04
2016.07.08 15:11:46.706,0.19905,0.19935,0.02,0.02
2016.07.08 15:11:47.311,0.19905,0.19935,0.02,0.05
2016.07.08 15:11:48.117,0.19905,0.19935,0.02,0.04
2016.07.08 15:11:48.579,0.19907,0.19937,0.02,0.09
2016.07.08 15:11:49.144,0.19905,0.19935,0.02,0.06
2016.07.08 15:11:59.311,0.19908,0.19938,0.02,0.10
2016.07.08 15:11:59.836,0.19907,0.19937,0.02,0.01
2016.07.08 15:12:00.469,0.19907,0.19937,0.04,0.03
2016.07.08 15:12:01.940,0.19907,0.19937,0.02,0.07
2016.07.08 15:12:02.658,0.19907,0.19937,0.04,0.01
2016.07.08 15:12:04.245,0.19908,0.19938,0.04,0.02
2016.07.08 15:12:10.433,0.19907,0.19938,0.04,0.02
2016.07.08 15:12:10.538,0.19904,0.19934,0.02,0.06
2016.07.08 15:12:11.022,0.19899,0.19929,0.04,0.02
2016.07.08 15:12:11.072,0.19899,0.19929,0.02,0.04
2016.07.08 15:12:11.603,0.19898,0.19928,0.06,0.02
2016.07.08 15:12:12.174,0.19899,0.19929,0.04,0.02
2016.07.08 15:12:12.898,0.19901,0.19931,0.02,0.08
2016.07.08 15:12:13.468,0.19902,0.19932,0.02,0.04
2016.07.08 15:12:13.569,0.19902,0.19932,0.04,0.03
2016.07.08 15:12:18.691,0.19901,0.19931,0.04,0.02
2016.07.08 15:12:19.246,0.19902,0.19932,0.02,0.09
2016.07.08 15:12:20.347,0.19899,0.19929,0.04,0.02
2016.07.08 15:12:20.848,0.19901,0.19931,0.02,0.04
2016.07.08 15:12:20.899,0.19902,0.19932,0.02,0.07
2016.07.08 15:12:21.888,0.19903,0.19933,0.02,0.04
2016.07.08 15:12:21.951,0.19902,0.19932,0.04,0.01
2016.07.08 15:12:25.570,0.19904,0.19934,0.02,0.07
2016.07.08 15:12:26.232,0.19903,0.19933,0.02,0.03
2016.07.08 15:12:27.022,0.19902,0.19932,0.04,0.03
2016.07.08 15:12:28.483,0.19901,0.19931,0.04,0.02
2016.07.08 15:12:28.905,0.19902,0.19932,0.02,0.08
2016.07.08 15:12:33.676,0.19902,0.19932,0.02,0.03
2016.07.08 15:12:37.483,0.19903,0.19933,0.02,0.03
2016.07.08 15:12:40.225,0.19902,0.19932,0.04,0.03
2016.07.08 15:12:42.110,0.19905,0.19935,0.02,0.09
2016.07.08 15:12:42.718,0.19902,0.19932,0.04,0.03
2016.07.08 15:12:44.419,0.19902,0.19932,0.04,0.01
2016.07.08 15:12:44.799,0.19907,0.19937,0.02,0.05
2016.07.08 15:12:44.900,0.19907,0.19937,0.02,0.07
2016.07.08 15:12:45.202,0.19903,0.19933,0.06,0.02
2016.07.08 15:12:45.673,0.19907,0.19937,0.02,0.03
2016.07.08 15:12:47.639,0.19903,0.19933,0.06,0.02
2016.07.08 15:12:47.999,0.19907,0.19937,0.02,0.09
2016.07.08 15:12:48.811,0.19907,0.19937,0.02,0.03
2016.07.08 15:12:52.178,0.19908,0.19938,0.02,0.06
2016.07.08 15:12:54.153,0.19905,0.19935,0.04,0.02
2016.07.08 15:12:54.895,0.19903,0.19933,0.06,0.02
2016.07.08 15:12:55.405,0.19906,0.19936,0.02,0.04
2016.07.08 15:12:55.723,0.19907,0.19937,0.04,0.01
2016.07.08 15:12:56.318,0.19907,0.19937,0.02,0.03
2016.07.08 15:12:56.633,0.19906,0.19936,0.02,0.02
2016.07.08 15:12:57.159,0.19907,0.19937,0.02,0.03
2016.07.08 15:12:57.713,0.19907,0.19937,0.04,0.01
2016.07.08 15:12:59.961,0.19907,0.19937,0.04,0.03
2016.07.08 15:13:01.869,0.1991,0.1994,0.02,0.10
2016.07.08 15:13:02.464,0.19909,0.19939,0.02,0.02
2016.07.08 15:13:03.942,0.19909,0.19939,0.02,0.06
2016.07.08 15:13:04.668,0.19907,0.19937,0.02,0.03
2016.07.08 15:13:05.213,0.19904,0.19934,0.04,0.04
2016.07.08 15:13:05.264,0.19903,0.19933,0.06,0.02
2016.07.08 15:13:14.041,0.19902,0.19932,0.04,0.02
2016.07.08 15:13:17.601,0.19904,0.19934,0.02,0.02
2016.07.08 15:13:19.252,0.19905,0.19936,0.02,0.04
2016.07.08 15:13:19.403,0.19908,0.19938,0.04,0.02
2016.07.08 15:13:20.230,0.19909,0.19939,0.02,0.05
2016.07.08 15:13:22.577,0.19908,0.19938,0.06,0.02
2016.07.08 15:13:32.102,0.19909,0.19939,0.02,0.05
2016.07.08 15:13:32.553,0.19906,0.19936,0.02,0.05
2016.07.08 15:13:35.567,0.19907,0.19937,0.02,0.05
2016.07.08 15:13:36.083,0.19909,0.19939,0.02,0.07
2016.07.08 15:13:36.625,0.19908,0.19938,0.04,0.01
2016.07.08 15:13:40.720,0.19906,0.19936,0.04,0.02
2016.07.08 15:13:40.872,0.19903,0.19933,0.04,0.02
2016.07.08 15:13:42.555,0.19905,0.19935,0.02,0.06
2016.07.08 15:13:42.757,0.19903,0.19933,0.02,0.06
2016.07.08 15:13:43.306,0.19902,0.19932,0.04,0.03
2016.07.08 15:13:44.035,0.19902,0.19932,0.06,0.03
2016.07.08 15:13:44.726,0.19903,0.19933,0.02,0.02
2016.07.08 15:13:45.367,0.19904,0.19934,0.02,0.06
2016.07.08 15:13:46.075,0.19903,0.19933,0.02,0.02
2016.07.08 15:13:46.176,0.19903,0.19933,0.02,0.03
2016.07.08 15:13:46.725,0.19902,0.19932,0.06,0.02
2016.07.08 15:13:48.969,0.199,0.1993,0.02,0.02
2016.07.08 15:13:50.068,0.19901,0.19931,0.02,0.03
2016.07.08 15:13:51.868,0.19902,0.19932,0.02,0.04
2016.07.08 15:13:52.437,0.19903,0.19933,0.02,0.04
2016.07.08 15:13:53.138,0.19902,0.19932,0.06,0.03
2016.07.08 15:13:55.574,0.19903,0.19933,0.02,0.04
2016.07.08 15:13:55.975,0.199,0.1993,0.02,0.02
2016.07.08 15:14:00.285,0.19901,0.19931,0.02,0.05
2016.07.08 15:14:01.248,0.19902,0.19932,0.06,0.03
2016.07.08 15:14:02.315,0.19904,0.19934,0.02,0.02
2016.07.08 15:14:02.925,0.19907,0.19937,0.02,0.06
2016.07.08 15:14:03.723,0.19908,0.19938,0.02,0.06
2016.07.08 15:14:04.025,0.19905,0.19935,0.02,0.02
2016.07.08 15:14:05.117,0.19906,0.19936,0.04,0.02
2016.07.08 15:14:06.906,0.19907,0.19937,0.02,0.03
2016.07.08 15:14:07.549,0.19907,0.19937,0.02,0.05
2016.07.08 15:14:08.083,0.19907,0.19937,0.02,0.03
2016.07.08 15:14:08.824,0.19906,0.19936,0.02,0.02
2016.07.08 15:14:09.787,0.19906,0.19936,0.04,0.02
2016.07.08 15:14:10.339,0.19904,0.19934,0.02,0.02
2016.07.08 15:14:10.893,0.19903,0.19933,0.02,0.03
2016.07.08 15:14:11.421,0.19902,0.19932,0.05,0.02
2016.07.08 15:14:12.524,0.19905,0.19935,0.02,0.05
2016.07.08 15:14:13.132,0.19906,0.19936,0.02,0.06
2016.07.08 15:14:13.926,0.19904,0.19934,0.02,0.03
2016.07.08 15:14:14.502,0.19902,0.19932,0.04,0.01
2016.07.08 15:14:15.656,0.19904,0.19934,0.02,0.05
2016.07.08 15:14:15.896,0.19906,0.19936,0.02,0.08
2016.07.08 15:14:15.947,0.19906,0.19936,0.02,0.06
2016.07.08 15:14:17.710,0.19905,0.19935,0.02,0.04
2016.07.08 15:14:17.762,0.19909,0.19939,0.02,0.15
2016.07.08 15:14:18.405,0.19909,0.19939,0.02,0.04
2016.07.08 15:14:21.769,0.19906,0.19936,0.04,0.02
2016.07.08 15:14:21.878,0.19907,0.19937,0.02,0.05
2016.07.08 15:14:22.943,0.19906,0.19936,0.02,0.02
2016.07.08 15:14:23.494,0.19907,0.19937,0.02,0.05
2016.07.08 15:14:23.685,0.19909,0.19939,0.02,0.04
2016.07.08 15:14:27.103,0.19906,0.19936,0.04,0.02
2016.07.08 15:14:27.694,0.19905,0.19935,0.04,0.02
2016.07.08 15:14:28.346,0.19906,0.19936,0.02,0.02
2016.07.08 15:14:28.781,0.19907,0.19937,0.04,0.03
2016.07.08 15:14:29.352,0.19907,0.19937,0.02,0.03
2016.07.08 15:14:29.911,0.19906,0.19936,0.04,0.02
2016.07.08 15:14:30.444,0.19907,0.19937,0.04,0.03
2016.07.08 15:14:33.003,0.19907,0.19937,0.06,0.03
2016.07.08 15:14:34.920,0.19908,0.19938,0.02,0.06
2016.07.08 15:14:35.677,0.19907,0.19937,0.04,0.03
2016.07.08 15:14:37.420,0.19905,0.19935,0.04,0.02
2016.07.08 15:14:37.743,0.19905,0.19935,0.02,0.02
2016.07.08 15:14:39.450,0.19902,0.19932,0.04,0.02
2016.07.08 15:14:40.431,0.199,0.1993,0.06,0.02
2016.07.08 15:14:40.773,0.19902,0.19932,0.04,0.03
2016.07.08 15:14:41.628,0.19903,0.19933,0.02,0.06
2016.07.08 15:14:42.249,0.19899,0.19929,0.08,0.02
2016.07.08 15:14:42.727,0.19901,0.19931,0.02,0.02
2016.07.08 15:14:44.939,0.19902,0.19932,0.04,0.03
2016.07.08 15:14:48.062,0.19902,0.19932,0.02,0.03
2016.07.08 15:14:48.813,0.19899,0.19929,0.04,0.02
2016.07.08 15:14:49.586,0.199,0.1993,0.04,0.02
2016.07.08 15:14:51.318,0.199,0.1993,0.02,0.02
2016.07.08 15:14:51.846,0.19895,0.19925,0.02,0.04
2016.07.08 15:14:53.168,0.19895,0.19925,0.02,0.02
2016.07.08 15:14:53.790,0.19895,0.19925,0.02,0.04
2016.07.08 15:14:54.460,0.19895,0.19925,0.02,0.05
2016.07.08 15:14:55.004,0.19892,0.19922,0.06,0.02
2016.07.08 15:14:57.259,0.19894,0.19924,0.02,0.05
2016.07.08 15:14:57.359,0.1989,0.1992,0.02,0.04
2016.07.08 15:14:57.510,0.19889,0.19919,0.02,0.04
2016.07.08 15:14:58.023,0.1989,0.1992,0.02,0.04
2016.07.08 15:14:58.559,0.1989,0.1992,0.02,0.04
2016.07.08 15:15:03.178,0.19888,0.19918,0.05,0.01
2016.07.08 15:15:03.485,0.19888,0.19918,0.02,0.03
2016.07.08 15:15:03.819,0.19884,0.19914,0.04,0.02
2016.07.08 15:15:05.085,0.19885,0.19915,0.02,0.04
2016.07.08 15:15:05.620,0.19886,0.19916,0.02,0.05
2016.07.08 15:15:05.939,0.19882,0.19912,0.05,0.02
2016.07.08 15:15:13.312,0.19885,0.19915,0.02,0.04
2016.07.08 15:15:15.154,0.19886,0.19916,0.02,0.06
2016.07.08 15:15:16.955,0.19885,0.19915,0.02,0.04
2016.07.08 15:15:17.476,0.19886,0.19916,0.02,0.04
2016.07.08 15:15:17.627,0.19887,0.19917,0.02,0.03
2016.07.08 15:15:18.619,0.19886,0.19916,0.04,0.02
2016.07.08 15:15:19.201,0.19887,0.19917,0.04,0.03
2016.07.08 15:15:19.563,0.19885,0.19915,0.02,0.02
2016.07.08 15:15:20.766,0.19887,0.19917,0.02,0.03
2016.07.08 15:15:20.867,0.19885,0.19915,0.04,0.02
2016.07.08 15:15:21.530,0.19886,0.19916,0.02,0.05
2016.07.08 15:15:22.276,0.19886,0.19916,0.02,0.05
2016.07.08 15:15:22.683,0.19887,0.19917,0.02,0.03
2016.07.08 15:15:22.848,0.19887,0.19917,0.02,0.03
2016.07.08 15:15:25.202,0.1989,0.1992,0.02,0.04
2016.07.08 15:15:25.731,0.19889,0.19919,0.02,0.02
2016.07.08 15:15:29.985,0.19885,0.19915,0.06,0.02
2016.07.08 15:15:30.520,0.19884,0.19914,0.04,0.02
2016.07.08 15:15:30.876,0.19885,0.19915,0.02,0.04
2016.07.08 15:15:32.375,0.19884,0.19914,0.02,0.04
2016.07.08 15:15:33.058,0.19885,0.19915,0.02,0.04
2016.07.08 15:15:33.603,0.19884,0.19914,0.02,0.02
2016.07.08 15:15:34.719,0.19885,0.19915,0.02,0.04
2016.07.08 15:15:35.135,0.19888,0.19918,0.02,0.06
2016.07.08 15:15:36.583,0.19886,0.19916,0.06,0.02
2016.07.08 15:15:37.264,0.19887,0.19917,0.02,0.03
2016.07.08 15:15:40.492,0.19888,0.19918,0.02,0.06
2016.07.08 15:15:41.831,0.19889,0.19919,0.02,0.04
2016.07.08 15:15:44.439,0.19889,0.19919,0.02,0.04
2016.07.08 15:15:45.136,0.19888,0.19918,0.02,0.04
2016.07.08 15:15:51.419,0.19889,0.19919,0.02,0.07
2016.07.08 15:15:51.960,0.19889,0.19919,0.02,0.04
2016.07.08 15:15:52.635,0.19889,0.19919,0.02,0.06
2016.07.08 15:15:54.002,0.19889,0.19921,0.02,0.10
2016.07.08 15:15:54.053,0.19891,0.19921,0.02,0.02
2016.07.08 15:15:54.671,0.19891,0.19921,0.04,0.02
2016.07.08 15:15:55.282,0.19891,0.19921,0.02,0.02
2016.07.08 15:15:57.578,0.19889,0.19919,0.08,0.02
2016.07.08 15:15:58.019,0.19887,0.19917,0.10,0.02
2016.07.08 15:15:58.536,0.19891,0.19921,0.02,0.02
2016.07.08 15:15:59.650,0.19891,0.19921,0.02,0.04
2016.07.08 15:16:04.770,0.1989,0.1992,0.02,0.08
2016.07.08 15:16:05.508,0.19889,0.19919,0.02,0.06
2016.07.08 15:16:05.910,0.19887,0.19917,0.02,0.02
2016.07.08 15:16:06.675,0.19886,0.19916,0.06,0.02
2016.07.08 15:16:07.312,0.19883,0.19914,0.04,0.04
2016.07.08 15:16:07.466,0.19885,0.19915,0.02,0.02
2016.07.08 15:16:07.866,0.19885,0.19915,0.02,0.02
2016.07.08 15:16:07.917,0.19885,0.19915,0.02,0.02
2016.07.08 15:16:08.579,0.19884,0.19914,0.02,0.02
2016.07.08 15:16:09.402,0.19888,0.19918,0.02,0.10
2016.07.08 15:16:09.571,0.19887,0.19917,0.02,0.05
2016.07.08 15:16:10.091,0.19885,0.19915,0.02,0.02
2016.07.08 15:16:10.631,0.19886,0.19916,0.02,0.04
2016.07.08 15:16:12.401,0.19883,0.19913,0.09,0.02
2016.07.08 15:16:13.053,0.19884,0.19914,0.06,0.02
2016.07.08 15:16:13.779,0.19886,0.19916,0.04,0.02
2016.07.08 15:16:13.882,0.19884,0.19914,0.04,0.02
2016.07.08 15:16:14.384,0.19886,0.19916,0.02,0.02
2016.07.08 15:16:28.214,0.19889,0.19919,0.02,0.08
2016.07.08 15:16:28.559,0.19891,0.19921,0.02,0.02
2016.07.08 15:16:29.178,0.19891,0.19921,0.02,0.04
2016.07.08 15:16:29.824,0.19891,0.19921,0.02,0.02
2016.07.08 15:16:31.710,0.19892,0.19922,0.02,0.05
2016.07.08 15:16:31.861,0.19893,0.19923,0.02,0.06
2016.07.08 15:16:32.530,0.19892,0.19922,0.04,0.03
2016.07.08 15:16:40.045,0.19898,0.19928,0.02,0.03
2016.07.08 15:16:40.654,0.19897,0.19927,0.02,0.03
2016.07.08 15:16:41.221,0.19897,0.19927,0.02,0.01
2016.07.08 15:16:48.209,0.19894,0.19924,0.02,0.06
2016.07.08 15:16:48.838,0.19894,0.19924,0.02,0.04
2016.07.08 15:16:52.602,0.19897,0.19927,0.02,0.11
2016.07.08 15:16:52.703,0.19898,0.19928,0.02,0.04
2016.07.08 15:17:18.938,0.19899,0.19929,0.02,0.09
2016.07.08 15:17:24.377,0.19896,0.19926,0.06,0.02
2016.07.08 15:17:24.935,0.19897,0.19927,0.04,0.03
2016.07.08 15:17:25.461,0.19896,0.19926,0.06,0.02
2016.07.08 15:17:29.195,0.19895,0.19925,0.02,0.03
2016.07.08 15:17:29.507,0.19894,0.19924,0.02,0.04
2016.07.08 15:17:30.081,0.19894,0.19924,0.02,0.06
2016.07.08 15:17:30.745,0.19894,0.19924,0.02,0.05
2016.07.08 15:17:32.001,0.19891,0.19921,0.06,0.02
2016.07.08 15:17:44.956,0.19889,0.19919,0.08,0.02
2016.07.08 15:17:45.057,0.19889,0.19919,0.02,0.06
2016.07.08 15:17:45.738,0.19886,0.19916,0.08,0.02
2016.07.08 15:17:49.996,0.19892,0.19922,0.02,0.12
2016.07.08 15:17:56.712,0.19885,0.19915,0.08,0.02
2016.07.08 15:17:57.304,0.19887,0.19917,0.02,0.05
2016.07.08 15:17:57.648,0.19881,0.19911,0.10,0.02
2016.07.08 15:17:58.393,0.19883,0.19913,0.01,0.02
2016.07.08 15:17:58.942,0.19881,0.19911,0.06,0.02
2016.07.08 15:17:58.993,0.19879,0.19909,0.06,0.02
2016.07.08 15:17:59.327,0.19878,0.19908,0.01,0.03
2016.07.08 15:18:00.401,0.19879,0.19909,0.06,0.02
2016.07.08 15:18:00.996,0.19879,0.19909,0.02,0.06
2016.07.08 15:18:01.910,0.19876,0.19906,0.10,0.02
2016.07.08 15:18:03.945,0.19872,0.19902,0.09,0.01
2016.07.08 15:18:05.048,0.19871,0.19901,0.10,0.02
2016.07.08 15:18:05.149,0.19877,0.19907,0.02,0.09
2016.07.08 15:18:05.727,0.19875,0.19905,0.02,0.04
2016.07.08 15:18:05.833,0.19878,0.19908,0.02,0.06
2016.07.08 15:18:07.521,0.19877,0.19907,0.02,0.01
2016.07.08 15:18:07.742,0.19876,0.19906,0.02,0.04
2016.07.08 15:18:08.441,0.19875,0.19905,0.04,0.02
2016.07.08 15:18:09.158,0.19876,0.19906,0.02,0.04
2016.07.08 15:18:10.228,0.19876,0.19906,0.02,0.04
2016.07.08 15:18:10.753,0.19874,0.19904,0.02,0.04
2016.07.08 15:18:13.393,0.19874,0.19904,0.02,0.06
2016.07.08 15:18:13.914,0.19874,0.19904,0.02,0.04
2016.07.08 15:18:16.318,0.19871,0.19901,0.08,0.02
2016.07.08 15:18:16.930,0.19875,0.19905,0.02,0.08
2016.07.08 15:18:20.478,0.19873,0.19903,0.03,0.02
2016.07.08 15:18:24.840,0.19873,0.19903,0.02,0.06
2016.07.08 15:18:25.348,0.19872,0.19902,0.02,0.03
2016.07.08 15:18:27.168,0.19872,0.19902,0.02,0.05
2016.07.08 15:18:27.732,0.19871,0.19901,0.02,0.04
2016.07.08 15:18:27.996,0.19872,0.19902,0.02,0.03
2016.07.08 15:18:28.240,0.1987,0.199,0.02,0.03
2016.07.08 15:18:28.341,0.19867,0.19897,0.05,0.01
2016.07.08 15:18:28.915,0.19867,0.19897,0.05,0.03
2016.07.08 15:18:29.522,0.19868,0.19898,0.02,0.04
2016.07.08 15:18:32.642,0.19867,0.19897,0.04,0.03
2016.07.08 15:18:33.548,0.19868,0.19898,0.06,0.02
2016.07.08 15:18:33.786,0.19874,0.19904,0.02,0.08
2016.07.08 15:18:34.408,0.19871,0.19901,0.02,0.02
2016.07.08 15:18:34.717,0.19867,0.19897,0.08,0.02
2016.07.08 15:18:35.248,0.19869,0.19899,0.02,0.04
2016.07.08 15:18:35.358,0.19871,0.19901,0.02,0.02
2016.07.08 15:18:36.187,0.19872,0.19902,0.02,0.03
2016.07.08 15:18:36.942,0.19874,0.19904,0.02,0.06
2016.07.08 15:18:37.508,0.19873,0.19903,0.02,0.02
2016.07.08 15:18:44.433,0.19872,0.19902,0.08,0.02
2016.07.08 15:18:50.723,0.19874,0.19906,0.02,0.09
2016.07.08 15:18:50.774,0.19876,0.19906,0.04,0.02
2016.07.08 15:18:54.587,0.19879,0.19909,0.02,0.08
2016.07.08 15:18:55.606,0.19876,0.19906,0.04,0.02
2016.07.08 15:18:58.211,0.19877,0.19907,0.02,0.05
2016.07.08 15:19:07.932,0.19877,0.19907,0.02,0.05
2016.07.08 15:19:08.628,0.19874,0.19904,0.04,0.02
2016.07.08 15:19:09.135,0.19874,0.19904,0.02,0.06
2016.07.08 15:19:12.230,0.19872,0.19902,0.08,0.02
2016.07.08 15:19:12.745,0.19874,0.19904,0.02,0.02
2016.07.08 15:19:14.936,0.19875,0.19905,0.02,0.07
2016.07.08 15:19:15.445,0.19873,0.19904,0.03,0.06
2016.07.08 15:19:17.507,0.19874,0.19904,0.02,0.04
2016.07.08 15:19:17.827,0.19875,0.19905,0.02,0.04
2016.07.08 15:19:17.930,0.19877,0.19907,0.02,0.05
2016.07.08 15:19:18.542,0.19878,0.19908,0.02,0.06
2016.07.08 15:19:23.727,0.19876,0.19906,0.02,0.04
2016.07.08 15:19:24.420,0.19875,0.19905,0.02,0.02
2016.07.08 15:19:27.120,0.19877,0.19907,0.02,0.05
2016.07.08 15:19:29.636,0.19876,0.19906,0.06,0.02
2016.07.08 15:19:30.864,0.19878,0.19909,0.04,0.08
2016.07.08 15:19:31.066,0.19881,0.19911,0.02,0.04
2016.07.08 15:19:34.039,0.19877,0.19907,0.08,0.02
2016.07.08 15:19:34.865,0.19879,0.19909,0.02,0.06
2016.07.08 15:19:37.055,0.19876,0.19906,0.04,0.02
2016.07.08 15:19:38.760,0.19877,0.19907,0.02,0.05
2016.07.08 15:19:43.696,0.19877,0.19907,0.02,0.05
2016.07.08 15:19:44.461,0.19876,0.19906,0.02,0.04
2016.07.08 15:19:44.777,0.19874,0.19904,0.02,0.04
2016.07.08 15:19:46.056,0.19874,0.19904,0.02,0.06
2016.07.08 15:19:46.607,0.19873,0.19903,0.02,0.05
2016.07.08 15:19:47.013,0.19868,0.19898,0.02,0.04
2016.07.08 15:19:47.708,0.19867,0.19897,0.08,0.02
2016.07.08 15:19:48.614,0.19873,0.19903,0.02,0.04
2016.07.08 15:19:48.997,0.19871,0.19901,0.02,0.04
2016.07.08 15:19:49.534,0.19867,0.19897,0.01,0.02
2016.07.08 15:19:49.971,0.19868,0.19898,0.05,0.02
2016.07.08 15:19:50.673,0.19871,0.19901,0.02,0.04
2016.07.08 15:19:51.552,0.1987,0.199,0.04,0.02
2016.07.08 15:19:54.127,0.19869,0.19899,0.06,0.02
2016.07.08 15:19:54.789,0.1987,0.199,0.04,0.02
2016.07.08 15:19:56.185,0.19873,0.19903,0.02,0.06
2016.07.08 15:20:00.629,0.1987,0.199,0.04,0.02
2016.07.08 15:20:01.450,0.19869,0.19899,0.08,0.02
2016.07.08 15:20:01.922,0.19871,0.19901,0.02,0.02
2016.07.08 15:20:03.511,0.19872,0.19902,0.02,0.03
2016.07.08 15:20:05.027,0.19875,0.19905,0.02,0.04
2016.07.08 15:20:05.078,0.19876,0.19906,0.02,0.02
2016.07.08 15:20:08.990,0.19879,0.19909,0.02,0.04
2016.07.08 15:20:09.581,0.19878,0.19908,0.04,0.02
2016.07.08 15:20:09.928,0.19878,0.19908,0.02,0.05
2016.07.08 15:20:10.932,0.19875,0.19905,0.06,0.02
2016.07.08 15:20:11.487,0.19878,0.19908,0.02,0.05
2016.07.08 15:20:12.266,0.19875,0.19905,0.06,0.02
2016.07.08 15:20:12.913,0.19878,0.19908,0.02,0.05
2016.07.08 15:20:14.592,0.19876,0.19906,0.06,0.02
2016.07.08 15:20:17.407,0.19875,0.19905,0.06,0.02
2016.07.08 15:20:18.448,0.19875,0.19905,0.04,0.05
2016.07.08 15:20:18.750,0.19873,0.19903,0.03,0.02
2016.07.08 15:20:19.287,0.19874,0.19904,0.02,0.02
2016.07.08 15:20:21.022,0.19875,0.19906,0.02,0.04
2016.07.08 15:20:21.521,0.19878,0.19908,0.02,0.06
2016.07.08 15:20:22.574,0.19876,0.19906,0.04,0.02
2016.07.08 15:20:23.629,0.19874,0.19904,0.06,0.02
2016.07.08 15:20:24.210,0.19877,0.19907,0.02,0.05
2016.07.08 15:20:24.770,0.19876,0.19906,0.04,0.02
2016.07.08 15:20:25.412,0.19879,0.19909,0.02,0.04
2016.07.08 15:20:25.921,0.19878,0.19908,0.04,0.02
2016.07.08 15:20:29.861,0.19878,0.1991,0.04,0.07
2016.07.08 15:20:30.123,0.1988,0.1991,0.02,0.02
2016.07.08 15:20:30.648,0.19879,0.1991,0.02,0.04
2016.07.08 15:20:31.034,0.19882,0.19912,0.02,0.05
2016.07.08 15:20:31.546,0.1988,0.1991,0.02,0.04
2016.07.08 15:20:32.233,0.19879,0.19909,0.02,0.02
2016.07.08 15:20:32.791,0.19881,0.19911,0.02,0.02
2016.07.08 15:20:33.930,0.1988,0.1991,0.06,0.02
2016.07.08 15:20:34.432,0.19883,0.19913,0.02,0.06
2016.07.08 15:20:35.438,0.1988,0.1991,0.06,0.02
2016.07.08 15:20:40.141,0.19883,0.19913,0.02,0.06
2016.07.08 15:20:41.246,0.19884,0.19914,0.02,0.06
2016.07.08 15:20:41.777,0.19883,0.19913,0.05,0.02
2016.07.08 15:20:43.451,0.19886,0.19916,0.02,0.04
2016.07.08 15:20:43.902,0.19888,0.19918,0.02,0.02
2016.07.08 15:20:49.755,0.19889,0.19919,0.02,0.06
2016.07.08 15:20:50.215,0.1989,0.1992,0.04,0.02
2016.07.08 15:20:50.777,0.19893,0.19923,0.02,0.06
2016.07.08 15:20:52.766,0.1989,0.1992,0.06,0.02
2016.07.08 15:20:53.125,0.19888,0.19918,0.05,0.02
2016.07.08 15:20:53.663,0.19889,0.19919,0.02,0.06
2016.07.08 15:20:54.574,0.19885,0.19915,0.06,0.02
2016.07.08 15:20:56.779,0.19884,0.19914,0.04,0.02
2016.07.08 15:20:57.594,0.19887,0.19917,0.02,0.05
2016.07.08 15:20:59.072,0.19887,0.19917,0.04,0.03
2016.07.08 15:21:01.890,0.19884,0.19914,0.06,0.02
2016.07.08 15:21:02.069,0.19883,0.19913,0.03,0.02
2016.07.08 15:21:04.441,0.19884,0.19914,0.02,0.06
2016.07.08 15:21:08.675,0.19884,0.19916,0.02,0.09
2016.07.08 15:21:08.852,0.19884,0.19914,0.04,0.02
2016.07.08 15:21:11.457,0.19884,0.19914,0.02,0.02
2016.07.08 15:21:13.738,0.19887,0.19917,0.02,0.07
2016.07.08 15:21:14.261,0.19886,0.19916,0.02,0.02
2016.07.08 15:21:15.172,0.19887,0.19917,0.02,0.03
2016.07.08 15:21:15.721,0.19886,0.19916,0.06,0.02
2016.07.08 15:21:16.323,0.19889,0.19919,0.02,0.04
2016.07.08 15:21:16.963,0.19891,0.19921,0.02,0.09
2016.07.08 15:21:17.064,0.19893,0.19923,0.02,0.04
2016.07.08 15:21:20.359,0.1989,0.1992,0.04,0.02
2016.07.08 15:21:21.617,0.19893,0.19923,0.02,0.06
2016.07.08 15:21:28.305,0.19894,0.19924,0.02,0.07
2016.07.08 15:21:35.796,0.19893,0.19923,0.02,0.05
2016.07.08 15:21:36.115,0.19889,0.19919,0.08,0.02
2016.07.08 15:21:36.224,0.19888,0.19918,0.04,0.04
2016.07.08 15:21:41.466,0.19889,0.1992,0.02,0.07
2016.07.08 15:21:41.567,0.19892,0.19922,0.02,0.05
2016.07.08 15:21:42.169,0.19892,0.19922,0.02,0.05
2016.07.08 15:21:42.449,0.19891,0.19921,0.04,0.02
2016.07.08 15:21:44.887,0.19894,0.19924,0.02,0.04
2016.07.08 15:21:49.165,0.19896,0.19926,0.02,0.02
2016.07.08 15:21:49.668,0.19897,0.19927,0.02,0.03
2016.07.08 15:21:50.319,0.19896,0.19926,0.06,0.02
2016.07.08 15:21:50.622,0.19895,0.19925,0.02,0.02
2016.07.08 15:21:51.406,0.19896,0.19926,0.02,0.04
2016.07.08 15:21:52.006,0.19895,0.19925,0.02,0.02
2016.07.08 15:21:52.446,0.19895,0.19925,0.02,0.02
2016.07.08 15:21:54.481,0.19892,0.19922,0.08,0.02
2016.07.08 15:21:54.587,0.19893,0.19923,0.02,0.02
2016.07.08 15:21:55.887,0.19895,0.19925,0.02,0.04
2016.07.08 15:22:00.724,0.19893,0.19923,0.02,0.02
2016.07.08 15:22:01.471,0.19894,0.19924,0.02,0.02
2016.07.08 15:22:02.161,0.19894,0.19924,0.02,0.06
2016.07.08 15:22:04.373,0.19894,0.19924,0.02,0.06
2016.07.08 15:22:05.175,0.19893,0.19923,0.02,0.02
2016.07.08 15:22:05.787,0.1989,0.1992,0.04,0.02
2016.07.08 15:22:07.279,0.19892,0.19922,0.02,0.05
2016.07.08 15:22:10.286,0.19893,0.19923,0.02,0.06
2016.07.08 15:22:10.402,0.19896,0.19926,0.02,0.02
2016.07.08 15:22:12.611,0.19896,0.19926,0.02,0.02
2016.07.08 15:22:12.921,0.19897,0.19927,0.06,0.01
2016.07.08 15:22:19.793,0.19899,0.19929,0.04,0.02
2016.07.08 15:22:20.008,0.19898,0.19928,0.04,0.03
2016.07.08 15:22:20.694,0.19897,0.19927,0.08,0.03
2016.07.08 15:22:20.744,0.19901,0.19931,0.02,0.04
2016.07.08 15:22:21.129,0.19901,0.19931,0.04,0.02
2016.07.08 15:22:21.777,0.19902,0.19932,0.02,0.03
2016.07.08 15:22:22.250,0.19902,0.19932,0.04,0.03
2016.07.08 15:22:23.094,0.19902,0.19932,0.04,0.01
2016.07.08 15:22:24.143,0.199,0.1993,0.02,0.02
2016.07.08 15:22:24.752,0.19901,0.19931,0.02,0.04
2016.07.08 15:22:25.838,0.199,0.1993,0.02,0.02
2016.07.08 15:22:34.970,0.19898,0.19928,0.04,0.01
2016.07.08 15:22:37.843,0.19895,0.19925,0.10,0.02
2016.07.08 15:22:38.347,0.19897,0.19927,0.02,0.03
2016.07.08 15:22:39.947,0.19898,0.19928,0.02,0.06
2016.07.08 15:22:40.769,0.19897,0.19927,0.04,0.03
2016.07.08 15:22:41.462,0.19895,0.19925,0.08,0.02
2016.07.08 15:22:43.221,0.19897,0.19927,0.02,0.05
2016.07.08 15:22:44.055,0.19895,0.19925,0.02,0.02
2016.07.08 15:22:59.486,0.19893,0.19923,0.02,0.03
2016.07.08 15:23:01.091,0.19894,0.19924,0.02,0.05
2016.07.08 15:23:05.924,0.19895,0.19925,0.02,0.04
2016.07.08 15:23:06.445,0.19896,0.19926,0.02,0.06
2016.07.08 15:23:10.330,0.19895,0.19925,0.02,0.02
2016.07.08 15:23:21.271,0.19896,0.19926,0.02,0.05
2016.07.08 15:23:22.376,0.19894,0.19924,0.02,0.02
2016.07.08 15:23:31.760,0.19891,0.19921,0.08,0.02
2016.07.08 15:23:31.812,0.19889,0.19919,0.04,0.02
2016.07.08 15:23:32.414,0.1989,0.1992,0.02,0.02
2016.07.08 15:23:34.774,0.19892,0.19922,0.02,0.09
2016.07.08 15:23:38.498,0.19891,0.19921,0.04,0.06
2016.07.08 15:23:38.599,0.19892,0.19922,0.04,0.05
2016.07.08 15:23:38.670,0.19892,0.19922,0.06,0.01
2016.07.08 15:23:39.212,0.19892,0.19922,0.04,0.03
2016.07.08 15:23:41.737,0.19896,0.19926,0.02,0.07
2016.07.08 15:23:46.263,0.19895,0.19925,0.02,0.04
2016.07.08 15:23:46.967,0.19896,0.19926,0.04,0.04
2016.07.08 15:23:47.515,0.19895,0.19925,0.02,0.02
2016.07.08 15:23:50.419,0.19895,0.19925,0.02,0.04
2016.07.08 15:23:53.462,0.19891,0.19922,0.12,0.02
2016.07.08 15:23:53.513,0.19891,0.19921,0.04,0.04
2016.07.08 15:23:53.995,0.1989,0.1992,0.02,0.04
2016.07.08 15:23:56.596,0.19892,0.19922,0.02,0.07
2016.07.08 15:23:58.411,0.19889,0.19919,0.02,0.03
2016.07.08 15:23:59.021,0.19888,0.19918,0.02,0.03
2016.07.08 15:23:59.607,0.19889,0.19919,0.02,0.05
2016.07.08 15:24:00.220,0.19888,0.19918,0.02,0.03
2016.07.08 15:24:01.956,0.19889,0.19919,0.02,0.05
2016.07.08 15:24:02.657,0.19888,0.19918,0.02,0.03
2016.07.08 15:24:03.303,0.19888,0.19918,0.02,0.01
2016.07.08 15:24:04.463,0.19888,0.19918,0.02,0.03
2016.07.08 15:24:05.046,0.19889,0.19919,0.02,0.05
2016.07.08 15:24:08.352,0.19887,0.19917,0.02,0.03
2016.07.08 15:24:08.472,0.19885,0.19915,0.02,0.02
2016.07.08 15:24:09.054,0.19884,0.19914,0.04,0.02
2016.07.08 15:24:09.995,0.19887,0.19917,0.04,0.03
2016.07.08 15:24:10.842,0.19888,0.19918,0.02,0.06
2016.07.08 15:24:11.414,0.19892,0.19922,0.02,0.11
2016.07.08 15:24:16.469,0.19888,0.19918,0.02,0.04
2016.07.08 15:24:17.142,0.19888,0.19918,0.02,0.01
2016.07.08 15:24:21.072,0.19887,0.19917,0.04,0.03
2016.07.08 15:24:21.979,0.1989,0.19921,0.04,0.03
2016.07.08 15:24:22.217,0.1989,0.1992,0.02,0.04
2016.07.08 15:24:24.264,0.19892,0.19922,0.02,0.07
2016.07.08 15:24:28.174,0.1989,0.1992,0.02,0.04
2016.07.08 15:24:28.685,0.19888,0.19918,0.10,0.02
2016.07.08 15:24:28.786,0.19892,0.19922,0.04,0.03
2016.07.08 15:24:29.069,0.19892,0.19922,0.06,0.03
2016.07.08 15:24:29.578,0.19894,0.19924,0.06,0.02
2016.07.08 15:24:30.414,0.19897,0.19927,0.02,0.04
2016.07.08 15:24:31.292,0.19894,0.19924,0.04,0.02
2016.07.08 15:24:37.556,0.19893,0.19923,0.08,0.01
2016.07.08 15:24:37.707,0.19892,0.19922,0.02,0.04
2016.07.08 15:24:37.758,0.19892,0.19922,0.04,0.04
2016.07.08 15:24:37.895,0.1989,0.1992,0.02,0.04
2016.07.08 15:24:38.442,0.19891,0.19921,0.02,0.04
2016.07.08 15:24:40.318,0.19893,0.19923,0.02,0.06
2016.07.08 15:24:42.122,0.19892,0.19922,0.02,0.06
2016.07.08 15:24:42.836,0.19889,0.19919,0.04,0.02
2016.07.08 15:24:44.148,0.19892,0.19922,0.02,0.09
2016.07.08 15:24:44.757,0.1989,0.1992,0.02,0.02
2016.07.08 15:24:47.123,0.19891,0.19921,0.02,0.04
2016.07.08 15:24:48.333,0.1989,0.1992,0.02,0.04
2016.07.08 15:24:52.746,0.19889,0.19919,0.02,0.02
2016.07.08 15:24:53.247,0.1989,0.1992,0.02,0.04
2016.07.08 15:24:53.576,0.1989,0.1992,0.02,0.04
2016.07.08 15:24:58.755,0.19889,0.19919,0.02,0.02
2016.07.08 15:25:01.024,0.19891,0.19921,0.02,0.04
2016.07.08 15:25:02.491,0.1989,0.1992,0.02,0.02
2016.07.08 15:25:07.965,0.19892,0.19922,0.02,0.05
2016.07.08 15:25:09.503,0.1989,0.1992,0.02,0.02
2016.07.08 15:25:09.659,0.19888,0.19918,0.02,0.05
2016.07.08 15:25:10.443,0.19889,0.19919,0.02,0.05
2016.07.08 15:25:12.913,0.19886,0.19916,0.04,0.02
2016.07.08 15:25:13.488,0.19887,0.19917,0.02,0.06
2016.07.08 15:25:13.589,0.19886,0.19916,0.02,0.04
2016.07.08 15:25:14.194,0.19885,0.19915,0.02,0.04
2016.07.08 15:25:15.999,0.19884,0.19914,0.02,0.02
2016.07.08 15:25:16.608,0.19885,0.19915,0.02,0.04
2016.07.08 15:25:17.465,0.19884,0.19914,0.02,0.02
2016.07.08 15:25:18.113,0.19885,0.19915,0.02,0.04
2016.07.08 15:25:18.980,0.19884,0.19914,0.02,0.02
2016.07.08 15:25:19.610,0.19881,0.19911,0.06,0.02
2016.07.08 15:25:23.149,0.19881,0.19911,0.02,0.06
2016.07.08 15:25:23.202,0.19878,0.19908,0.02,0.03
2016.07.08 15:25:23.606,0.1988,0.1991,0.02,0.04
2016.07.08 15:25:26.996,0.19879,0.19909,0.02,0.05
2016.07.08 15:25:28.040,0.19877,0.19907,0.03,0.02
2016.07.08 15:25:28.380,0.19876,0.19906,0.02,0.03
2016.07.08 15:25:29.040,0.19874,0.19904,0.02,0.02
2016.07.08 15:25:30.423,0.19876,0.19906,0.02,0.07
2016.07.08 15:25:30.753,0.19878,0.19908,0.02,0.10
2016.07.08 15:25:30.904,0.19879,0.19909,0.02,0.06
2016.07.08 15:25:33.831,0.19879,0.19909,0.02,0.08
2016.07.08 15:25:34.309,0.19875,0.19905,0.02,0.02
2016.07.08 15:25:34.849,0.19877,0.19907,0.02,0.01
2016.07.08 15:25:35.410,0.19877,0.19907,0.02,0.03
2016.07.08 15:25:37.438,0.19878,0.19908,0.04,0.06
2016.07.08 15:25:37.831,0.19874,0.19904,0.06,0.02
2016.07.08 15:25:38.467,0.19874,0.19904,0.02,0.02
2016.07.08 15:25:39.351,0.19875,0.19905,0.02,0.08
2016.07.08 15:25:39.619,0.19877,0.19907,0.02,0.09
2016.07.08 15:25:39.942,0.19875,0.19905,0.02,0.04
2016.07.08 15:25:40.542,0.19876,0.19906,0.02,0.04
2016.07.08 15:25:40.947,0.19878,0.19908,0.02,0.06
2016.07.08 15:25:41.898,0.19875,0.19905,0.02,0.06
2016.07.08 15:25:42.147,0.19877,0.19907,0.02,0.09
2016.07.08 15:25:43.150,0.19876,0.19906,0.02,0.02
2016.07.08 15:25:44.325,0.19876,0.19906,0.02,0.02
2016.07.08 15:25:44.530,0.19875,0.19905,0.02,0.08
2016.07.08 15:25:45.151,0.19875,0.19905,0.02,0.04
2016.07.08 15:25:45.203,0.19878,0.19908,0.02,0.06
2016.07.08 15:25:47.793,0.19876,0.19906,0.06,0.02
2016.07.08 15:25:48.474,0.19879,0.19909,0.02,0.08
2016.07.08 15:25:49.043,0.19876,0.19906,0.04,0.02
2016.07.08 15:25:49.598,0.19879,0.19909,0.02,0.08
2016.07.08 15:25:49.843,0.19876,0.19906,0.02,0.02
2016.07.08 15:25:50.394,0.19875,0.19905,0.02,0.04
2016.07.08 15:25:50.799,0.19877,0.19907,0.02,0.03
2016.07.08 15:25:51.313,0.19874,0.19904,0.04,0.04
2016.07.08 15:25:51.908,0.19873,0.19903,0.05,0.02
2016.07.08 15:25:52.900,0.19872,0.19902,0.06,0.01
2016.07.08 15:25:53.085,0.19871,0.19901,0.06,0.02
2016.07.08 15:25:53.903,0.19872,0.19902,0.04,0.03
2016.07.08 15:25:54.404,0.19869,0.19899,0.08,0.02
2016.07.08 15:25:54.753,0.19867,0.19897,0.08,0.02
2016.07.08 15:25:55.099,0.19868,0.19898,0.04,0.01
2016.07.08 15:25:55.607,0.19867,0.19897,0.04,0.01
2016.07.08 15:25:56.401,0.19866,0.19896,0.06,0.02
2016.07.08 15:25:56.451,0.19864,0.19894,0.06,0.02
2016.07.08 15:25:56.855,0.19866,0.19896,0.02,0.06
2016.07.08 15:25:57.108,0.19866,0.19896,0.02,0.02
2016.07.08 15:25:57.560,0.19863,0.19893,0.04,0.01
2016.07.08 15:25:57.620,0.19863,0.19893,0.02,0.03
2016.07.08 15:25:58.165,0.19864,0.19894,0.02,0.04
2016.07.08 15:25:58.990,0.19863,0.19893,0.02,0.02
2016.07.08 15:25:59.784,0.19864,0.19894,0.02,0.04
2016.07.08 15:26:01.101,0.19864,0.19894,0.02,0.07
2016.07.08 15:26:01.895,0.19862,0.19892,0.04,0.03
2016.07.08 15:26:05.931,0.19865,0.19895,0.02,0.09
2016.07.08 15:26:05.981,0.19867,0.19897,0.04,0.03
2016.07.08 15:26:06.652,0.19866,0.19896,0.04,0.01
2016.07.08 15:26:06.702,0.19865,0.19895,0.04,0.02
2016.07.08 15:26:06.958,0.19865,0.19895,0.02,0.04
2016.07.08 15:26:07.584,0.19864,0.19894,0.02,0.06
2016.07.08 15:26:10.833,0.19863,0.19893,0.02,0.05
2016.07.08 15:26:12.208,0.19862,0.19892,0.04,0.03
2016.07.08 15:26:12.817,0.19862,0.19892,0.04,0.01
2016.07.08 15:26:13.820,0.19864,0.19894,0.02,0.08
2016.07.08 15:26:17.042,0.19865,0.19895,0.02,0.10
2016.07.08 15:26:17.741,0.19864,0.19894,0.02,0.02
2016.07.08 15:26:18.505,0.19864,0.19894,0.02,0.04
2016.07.08 15:26:21.630,0.19863,0.19893,0.02,0.03
2016.07.08 15:26:22.253,0.19864,0.19894,0.02,0.07
2016.07.08 15:26:24.435,0.19864,0.19895,0.02,0.09
2016.07.08 15:26:24.646,0.19867,0.19897,0.04,0.03
2016.07.08 15:26:31.587,0.19867,0.19897,0.04,0.03
2016.07.08 15:26:31.638,0.19864,0.19894,0.04,0.02
2016.07.08 15:26:31.738,0.19866,0.19896,0.04,0.02
2016.07.08 15:26:31.789,0.19867,0.19897,0.02,0.03
2016.07.08 15:26:31.991,0.19865,0.19895,0.02,0.08
2016.07.08 15:26:32.352,0.19864,0.19894,0.04,0.02
2016.07.08 15:26:32.894,0.19867,0.19897,0.02,0.09
2016.07.08 15:26:33.247,0.19867,0.19897,0.02,0.03
2016.07.08 15:26:33.848,0.19866,0.19896,0.04,0.02
2016.07.08 15:26:34.190,0.19861,0.19892,0.06,0.03
2016.07.08 15:26:34.395,0.19862,0.19892,0.02,0.05
2016.07.08 15:26:34.496,0.1986,0.1989,0.02,0.04
2016.07.08 15:26:34.897,0.19862,0.19892,0.02,0.03
2016.07.08 15:26:35.372,0.19859,0.19889,0.02,0.02
2016.07.08 15:26:35.977,0.19859,0.19889,0.04,0.02
2016.07.08 15:26:36.307,0.19862,0.19892,0.02,0.03
2016.07.08 15:26:36.871,0.19859,0.19889,0.08,0.02
2016.07.08 15:26:37.563,0.1986,0.1989,0.06,0.02
2016.07.08 15:26:38.135,0.1986,0.1989,0.04,0.02
2016.07.08 15:26:39.115,0.19864,0.19894,0.02,0.08
2016.07.08 15:26:39.877,0.19863,0.19893,0.02,0.02
2016.07.08 15:26:42.849,0.19864,0.19894,0.02,0.04
2016.07.08 15:26:43.022,0.19866,0.19896,0.02,0.09
2016.07.08 15:26:43.552,0.19863,0.19893,0.06,0.03
2016.07.08 15:26:44.123,0.19862,0.19892,0.04,0.02
2016.07.08 15:26:44.836,0.19862,0.19892,0.02,0.02
2016.07.08 15:26:44.887,0.19859,0.19889,0.04,0.02
2016.07.08 15:26:45.007,0.19861,0.19891,0.02,0.02
2016.07.08 15:26:45.727,0.19862,0.19892,0.04,0.03
2016.07.08 15:26:47.292,0.19864,0.19894,0.02,0.08
2016.07.08 15:26:47.993,0.19864,0.19894,0.02,0.06
2016.07.08 15:26:49.035,0.19864,0.19894,0.02,0.08
2016.07.08 15:26:49.814,0.19861,0.19891,0.02,0.02
2016.07.08 15:26:50.427,0.19864,0.19894,0.02,0.08
2016.07.08 15:26:51.293,0.19864,0.19894,0.02,0.08
2016.07.08 15:26:52.757,0.1986,0.1989,0.04,0.02
2016.07.08 15:26:55.948,0.19861,0.19891,0.02,0.02
2016.07.08 15:26:56.586,0.19862,0.19892,0.02,0.03
2016.07.08 15:26:56.637,0.19862,0.19892,0.02,0.05
2016.07.08 15:26:57.150,0.19861,0.19891,0.02,0.02
2016.07.08 15:26:57.675,0.19862,0.19892,0.02,0.05
2016.07.08 15:26:58.252,0.19861,0.19891,0.02,0.02
2016.07.08 15:26:58.953,0.19862,0.19892,0.02,0.05
2016.07.08 15:27:02.667,0.19862,0.19892,0.02,0.05
2016.07.08 15:27:03.269,0.19859,0.19889,0.04,0.02
2016.07.08 15:27:04.443,0.19862,0.19892,0.02,0.09
2016.07.08 15:27:05.145,0.1986,0.1989,0.02,0.04
2016.07.08 15:27:05.272,0.19863,0.19893,0.02,0.04
2016.07.08 15:27:05.820,0.19862,0.19892,0.04,0.02
2016.07.08 15:27:06.398,0.19863,0.19893,0.04,0.02
2016.07.08 15:27:10.084,0.19864,0.19894,0.02,0.04
2016.07.08 15:27:10.655,0.19864,0.19894,0.02,0.02
2016.07.08 15:27:11.287,0.19867,0.19897,0.02,0.09
2016.07.08 15:27:11.639,0.19863,0.19893,0.02,0.02
2016.07.08 15:27:13.166,0.19866,0.19896,0.02,0.04
2016.07.08 15:27:13.216,0.19865,0.19895,0.04,0.02
2016.07.08 15:27:14.008,0.19868,0.19898,0.02,0.04
2016.07.08 15:27:14.772,0.19867,0.19897,0.04,0.03
2016.07.08 15:27:16.903,0.19868,0.19898,0.02,0.02
2016.07.08 15:27:23.331,0.19871,0.19901,0.02,0.06
2016.07.08 15:27:23.432,0.19872,0.19902,0.04,0.03
2016.07.08 15:27:29.146,0.19871,0.19901,0.04,0.02
2016.07.08 15:27:29.247,0.19872,0.19902,0.02,0.03
2016.07.08 15:27:29.449,0.19874,0.19904,0.02,0.06
2016.07.08 15:27:30.126,0.19872,0.19902,0.04,0.01
2016.07.08 15:27:30.883,0.19872,0.19902,0.02,0.03
2016.07.08 15:27:31.838,0.19873,0.19903,0.02,0.02
2016.07.08 15:27:32.510,0.19872,0.19902,0.04,0.03
2016.07.08 15:27:33.442,0.19873,0.19903,0.02,0.02
2016.07.08 15:27:34.334,0.19872,0.19902,0.02,0.02
2016.07.08 15:27:35.835,0.19875,0.19905,0.02,0.06
2016.07.08 15:27:41.165,0.19874,0.19904,0.02,0.05
2016.07.08 15:27:43.070,0.19875,0.19905,0.02,0.06
2016.07.08 15:27:44.067,0.19874,0.19904,0.02,0.04
2016.07.08 15:27:45.922,0.19873,0.19903,0.04,0.01
2016.07.08 15:27:46.098,0.19874,0.19904,0.02,0.05
2016.07.08 15:27:49.472,0.19871,0.19901,0.04,0.02
2016.07.08 15:27:49.545,0.19869,0.19899,0.02,0.02
2016.07.08 15:27:50.139,0.19869,0.19899,0.02,0.04
2016.07.08 15:27:50.996,0.1987,0.199,0.02,0.08
2016.07.08 15:27:53.126,0.19867,0.19897,0.06,0.02
2016.07.08 15:28:04.776,0.19864,0.19894,0.04,0.02
2016.07.08 15:28:04.852,0.19865,0.19895,0.02,0.08
2016.07.08 15:28:10.523,0.19862,0.19892,0.08,0.02
2016.07.08 15:28:11.137,0.19865,0.19895,0.02,0.08
2016.07.08 15:28:11.703,0.19862,0.19892,0.04,0.02
2016.07.08 15:28:15.027,0.19862,0.19892,0.04,0.01
2016.07.08 15:28:15.852,0.19863,0.19893,0.02,0.05
2016.07.08 15:28:18.010,0.19862,0.19892,0.04,0.05
2016.07.08 15:28:18.713,0.19863,0.19893,0.02,0.05
2016.07.08 15:28:19.368,0.19862,0.19892,0.02,0.05
2016.07.08 15:28:19.762,0.19858,0.19888,0.05,0.02
2016.07.08 15:28:20.300,0.19858,0.19888,0.03,0.02
2016.07.08 15:28:25.089,0.19859,0.19889,0.02,0.04
2016.07.08 15:28:25.641,0.19859,0.19889,0.02,0.02
2016.07.08 15:28:27.869,0.19859,0.19889,0.02,0.04
2016.07.08 15:28:28.350,0.19862,0.19893,0.02,0.06
2016.07.08 15:28:29.407,0.19861,0.19891,0.02,0.02
2016.07.08 15:28:29.672,0.19859,0.19889,0.04,0.04
2016.07.08 15:28:30.280,0.19862,0.19892,0.02,0.09
2016.07.08 15:28:30.767,0.19864,0.19894,0.02,0.07
2016.07.08 15:28:33.315,0.19863,0.19893,0.02,0.03
2016.07.08 15:28:34.128,0.19864,0.19894,0.02,0.06
2016.07.08 15:28:34.654,0.19864,0.19894,0.02,0.02
2016.07.08 15:28:42.104,0.19864,0.19894,0.02,0.04
2016.07.08 15:28:43.238,0.19861,0.19891,0.04,0.02
2016.07.08 15:28:43.642,0.19861,0.19891,0.02,0.02
2016.07.08 15:28:44.221,0.19858,0.19888,0.03,0.02
2016.07.08 15:28:45.660,0.19859,0.19889,0.04,0.02
2016.07.08 15:28:46.276,0.19861,0.19891,0.02,0.02
2016.07.08 15:28:46.936,0.1986,0.1989,0.04,0.02
2016.07.08 15:28:47.300,0.19862,0.19892,0.04,0.07
2016.07.08 15:28:47.350,0.19864,0.19894,0.03,0.04
2016.07.08 15:28:47.401,0.19872,0.19902,0.02,0.11
2016.07.08 15:28:47.676,0.19867,0.19897,0.06,0.02
2016.07.08 15:28:47.726,0.19865,0.19895,0.08,0.02
2016.07.08 15:28:47.928,0.19867,0.19897,0.02,0.07
2016.07.08 15:28:49.689,0.19868,0.19898,0.02,0.05
2016.07.08 15:28:49.891,0.19868,0.19898,0.04,0.02
2016.07.08 15:28:55.082,0.1987,0.199,0.02,0.06
2016.07.08 15:28:58.982,0.19869,0.19899,0.02,0.04
2016.07.08 15:28:59.629,0.19868,0.19898,0.02,0.02
2016.07.08 15:29:00.725,0.19869,0.19899,0.02,0.06
2016.07.08 15:29:03.767,0.19864,0.19894,0.06,0.02
2016.07.08 15:29:03.817,0.19864,0.19895,0.06,0.04
2016.07.08 15:29:04.296,0.19864,0.19894,0.02,0.04
2016.07.08 15:29:04.347,0.19862,0.19892,0.08,0.02
2016.07.08 15:29:04.855,0.19863,0.19893,0.05,0.02
2016.07.08 15:29:06.371,0.19864,0.19894,0.02,0.04
2016.07.08 15:29:07.366,0.19864,0.19894,0.02,0.06
2016.07.08 15:29:10.460,0.19861,0.19891,0.02,0.02
2016.07.08 15:29:10.561,0.19859,0.19889,0.04,0.02
2016.07.08 15:29:12.130,0.1986,0.1989,0.04,0.02
2016.07.08 15:29:13.229,0.19862,0.19893,0.02,0.10
2016.07.08 15:29:13.757,0.19861,0.19891,0.04,0.02
2016.07.08 15:29:19.090,0.19859,0.19889,0.08,0.02
2016.07.08 15:29:19.765,0.1986,0.1989,0.02,0.06
2016.07.08 15:29:20.474,0.1986,0.1989,0.02,0.06
2016.07.08 15:29:23.170,0.1986,0.19891,0.02,0.02
2016.07.08 15:29:23.484,0.19864,0.19894,0.02,0.06
2016.07.08 15:29:24.800,0.19862,0.19892,0.06,0.01
2016.07.08 15:29:25.459,0.19864,0.19894,0.02,0.08
2016.07.08 15:29:26.485,0.19861,0.19891,0.06,0.02
2016.07.08 15:29:26.986,0.19862,0.19892,0.04,0.03
2016.07.08 15:29:32.147,0.19859,0.19889,0.08,0.02
2016.07.08 15:29:32.298,0.1986,0.1989,0.02,0.08
2016.07.08 15:29:32.481,0.19861,0.19891,0.02,0.02
2016.07.08 15:29:33.270,0.1986,0.1989,0.02,0.08
2016.07.08 15:29:34.535,0.1986,0.1989,0.02,0.08
2016.07.08 15:29:36.187,0.19856,0.19886,0.06,0.02
2016.07.08 15:29:36.631,0.19853,0.19883,0.07,0.03
2016.07.08 15:29:37.171,0.19853,0.19883,0.04,0.01
2016.07.08 15:29:37.225,0.1985,0.1988,0.02,0.02
2016.07.08 15:29:37.276,0.19848,0.19878,0.04,0.01
2016.07.08 15:29:37.326,0.19849,0.19879,0.02,0.06
2016.07.08 15:29:37.830,0.19848,0.19878,0.02,0.03
2016.07.08 15:29:39.503,0.19848,0.19878,0.02,0.04
2016.07.08 15:29:39.845,0.19844,0.19874,0.02,0.02
2016.07.08 15:29:40.370,0.19839,0.19869,0.04,0.02
2016.07.08 15:29:40.471,0.19842,0.19872,0.04,0.01
2016.07.08 15:29:41.039,0.19843,0.19873,0.04,0.02
2016.07.08 15:29:41.725,0.19846,0.19876,0.02,0.04
2016.07.08 15:29:41.780,0.19845,0.19875,0.04,0.02
2016.07.08 15:29:41.881,0.19844,0.19874,0.04,0.04
2016.07.08 15:29:42.099,0.19847,0.19877,0.02,0.03
2016.07.08 15:29:42.686,0.19847,0.19877,0.04,0.01
2016.07.08 15:29:44.337,0.19847,0.19877,0.02,0.03
2016.07.08 15:29:44.799,0.19847,0.19877,0.02,0.05
2016.07.08 15:29:44.850,0.19847,0.19877,0.04,0.01
2016.07.08 15:29:47.852,0.19849,0.19879,0.02,0.08
2016.07.08 15:29:49.733,0.19847,0.19877,0.04,0.01
2016.07.08 15:29:50.796,0.19847,0.19877,0.04,0.03
2016.07.08 15:29:51.346,0.19848,0.19878,0.02,0.04
2016.07.08 15:29:51.952,0.19849,0.19879,0.02,0.08
2016.07.08 15:29:54.057,0.19846,0.19876,0.04,0.02
2016.07.08 15:29:54.157,0.19845,0.19875,0.02,0.04
2016.07.08 15:29:54.637,0.19847,0.19877,0.02,0.09
2016.07.08 15:29:55.152,0.19844,0.19874,0.04,0.04
2016.07.08 15:29:55.684,0.19844,0.19874,0.02,0.02
2016.07.08 15:29:56.374,0.19845,0.19875,0.02,0.08
2016.07.08 15:29:58.811,0.19842,0.19872,0.02,0.02
2016.07.08 15:29:59.370,0.19844,0.19874,0.02,0.02
2016.07.08 15:30:02.189,0.19844,0.19874,0.02,0.06
2016.07.08 15:30:02.847,0.19842,0.19872,0.04,0.02
2016.07.08 15:30:05.917,0.19843,0.19873,0.05,0.02
2016.07.08 15:30:06.583,0.19846,0.19876,0.02,0.04
2016.07.08 15:30:06.699,0.19847,0.19877,0.02,0.09
2016.07.08 15:30:07.042,0.19843,0.19873,0.03,0.02
2016.07.08 15:30:09.389,0.19844,0.19874,0.04,0.04
2016.07.08 15:30:09.924,0.19841,0.19871,0.04,0.02
2016.07.08 15:30:10.440,0.19843,0.19873,0.02,0.01
2016.07.08 15:30:11.247,0.19844,0.19874,0.02,0.06
2016.07.08 15:30:11.814,0.19844,0.19874,0.02,0.04
2016.07.08 15:30:12.792,0.19841,0.19871,0.04,0.02
2016.07.08 15:30:13.308,0.19842,0.19872,0.02,0.01
2016.07.08 15:30:13.409,0.1984,0.1987,0.04,0.02
2016.07.08 15:30:13.521,0.1984,0.1987,0.02,0.04
2016.07.08 15:30:14.061,0.1984,0.1987,0.02,0.02
2016.07.08 15:30:16.101,0.19839,0.19869,0.02,0.06
2016.07.08 15:30:16.415,0.19837,0.19867,0.02,0.03
2016.07.08 15:30:16.964,0.19836,0.19866,0.04,0.01
2016.07.08 15:30:17.015,0.19834,0.19864,0.02,0.04
2016.07.08 15:30:17.998,0.19834,0.19864,0.02,0.04
2016.07.08 15:30:18.504,0.19833,0.19863,0.05,0.02
2016.07.08 15:30:20.768,0.19835,0.19866,0.02,0.09
2016.07.08 15:30:21.053,0.19837,0.19867,0.02,0.03
2016.07.08 15:30:21.629,0.19836,0.19866,0.06,0.02
2016.07.08 15:30:23.256,0.19837,0.19867,0.04,0.03
2016.07.08 15:30:29.542,0.19837,0.19867,0.02,0.07
2016.07.08 15:30:30.106,0.19834,0.19864,0.02,0.02
2016.07.08 15:30:30.379,0.19837,0.19867,0.02,0.07
2016.07.08 15:30:30.895,0.19836,0.19866,0.02,0.04
2016.07.08 15:30:31.331,0.19834,0.19864,0.02,0.04
2016.07.08 15:30:31.681,0.19836,0.19866,0.02,0.02
2016.07.08 15:30:31.998,0.19834,0.19864,0.02,0.04
2016.07.08 15:30:32.639,0.19833,0.19863,0.03,0.02
2016.07.08 15:30:32.950,0.19833,0.19863,0.02,0.03
2016.07.08 15:30:34.237,0.19832,0.19862,0.04,0.02
2016.07.08 15:30:36.541,0.19833,0.19863,0.02,0.02
2016.07.08 15:30:36.986,0.19828,0.19858,0.03,0.02
2016.07.08 15:30:37.568,0.19832,0.19862,0.04,0.02
2016.07.08 15:30:38.460,0.19833,0.19863,0.02,0.03
2016.07.08 15:30:38.998,0.19834,0.19864,0.02,0.04
2016.07.08 15:30:39.849,0.19834,0.19864,0.02,0.06
2016.07.08 15:30:43.002,0.19834,0.19864,0.02,0.06
2016.07.08 15:30:43.875,0.19833,0.19863,0.02,0.04
2016.07.08 15:30:44.304,0.19829,0.19859,0.02,0.02
2016.07.08 15:30:44.828,0.19828,0.19858,0.03,0.02
2016.07.08 15:30:45.280,0.19834,0.19864,0.02,0.06
2016.07.08 15:30:45.787,0.19832,0.19862,0.04,0.02
2016.07.08 15:30:46.562,0.19834,0.19864,0.02,0.06
2016.07.08 15:30:47.172,0.19831,0.19861,0.04,0.02
2016.07.08 15:30:48.666,0.19832,0.19862,0.02,0.02
2016.07.08 15:30:49.398,0.19835,0.19865,0.02,0.04
2016.07.08 15:30:49.602,0.19837,0.19867,0.02,0.09
2016.07.08 15:30:49.770,0.19835,0.19865,0.02,0.02
2016.07.08 15:30:50.474,0.19831,0.19861,0.02,0.04
2016.07.08 15:30:50.807,0.19834,0.19864,0.02,0.04
2016.07.08 15:30:51.899,0.19834,0.19864,0.04,0.04
2016.07.08 15:30:52.493,0.19833,0.19863,0.02,0.02
2016.07.08 15:30:53.408,0.19836,0.19866,0.02,0.04
2016.07.08 15:30:53.809,0.19837,0.19867,0.04,0.02
2016.07.08 15:30:54.148,0.19842,0.19872,0.04,0.03
2016.07.08 15:30:57.219,0.19843,0.19873,0.04,0.02
2016.07.08 15:30:58.087,0.19844,0.19874,0.02,0.04
2016.07.08 15:31:00.012,0.19843,0.19873,0.02,0.02
2016.07.08 15:31:00.529,0.19847,0.19877,0.02,0.05
2016.07.08 15:31:00.866,0.19848,0.19878,0.02,0.02
2016.07.08 15:31:01.419,0.19849,0.19879,0.02,0.04
2016.07.08 15:31:04.700,0.19849,0.19879,0.02,0.04
2016.07.08 15:31:05.215,0.19849,0.19879,0.02,0.06
2016.07.08 15:31:06.582,0.19847,0.19877,0.02,0.03
2016.07.08 15:31:07.102,0.19846,0.19876,0.04,0.02
2016.07.08 15:31:10.755,0.19849,0.19879,0.02,0.04
2016.07.08 15:31:11.114,0.19852,0.19882,0.02,0.05
2016.07.08 15:31:11.717,0.19852,0.19882,0.04,0.03
2016.07.08 15:31:13.318,0.19853,0.19883,0.02,0.02
2016.07.08 15:31:13.839,0.1985,0.1988,0.04,0.02
2016.07.08 15:31:14.443,0.19849,0.19879,0.04,0.04
2016.07.08 15:31:14.764,0.19849,0.19879,0.02,0.06
2016.07.08 15:31:15.332,0.19847,0.19877,0.05,0.02
2016.07.08 15:31:15.433,0.19851,0.19881,0.02,0.04
2016.07.08 15:31:15.542,0.1985,0.1988,0.02,0.04
2016.07.08 15:31:15.781,0.19851,0.19881,0.02,0.02
2016.07.08 15:31:16.436,0.19852,0.19882,0.02,0.05
2016.07.08 15:31:16.726,0.19851,0.19881,0.02,0.02
2016.07.08 15:31:18.672,0.19847,0.19877,0.08,0.02
2016.07.08 15:31:19.406,0.19849,0.19879,0.02,0.06
2016.07.08 15:31:20.099,0.19848,0.19878,0.02,0.05
2016.07.08 15:31:20.740,0.19848,0.19878,0.02,0.04
2016.07.08 15:31:22.155,0.19847,0.19877,0.02,0.04
2016.07.08 15:31:22.809,0.19846,0.19876,0.02,0.04
2016.07.08 15:31:24.862,0.19847,0.19877,0.02,0.07
2016.07.08 15:31:25.288,0.19849,0.19879,0.02,0.06
2016.07.08 15:31:26.145,0.19849,0.19879,0.02,0.04
2016.07.08 15:31:28.762,0.19848,0.19878,0.04,0.02
2016.07.08 15:31:29.409,0.19849,0.19879,0.02,0.06
2016.07.08 15:31:32.357,0.19848,0.19878,0.02,0.02
2016.07.08 15:31:50.910,0.19849,0.19879,0.04,0.04
2016.07.08 15:31:51.339,0.19852,0.19882,0.04,0.03
2016.07.08 15:31:51.662,0.19857,0.19887,0.04,0.03
2016.07.08 15:31:52.836,0.19859,0.19889,0.02,0.02
2016.07.08 15:31:53.038,0.19859,0.19889,0.02,0.04
2016.07.08 15:31:54.103,0.19859,0.19889,0.02,0.02
2016.07.08 15:31:57.036,0.19861,0.19891,0.02,0.04
2016.07.08 15:31:57.541,0.1986,0.1989,0.02,0.08
2016.07.08 15:32:04.420,0.19858,0.19888,0.02,0.02
2016.07.08 15:32:12.137,0.19859,0.19889,0.02,0.06
2016.07.08 15:32:12.810,0.1986,0.1989,0.02,0.08
2016.07.08 15:32:15.266,0.19857,0.19887,0.02,0.02
2016.07.08 15:32:17.550,0.19858,0.19888,0.04,0.03
2016.07.08 15:32:18.075,0.1986,0.1989,0.04,0.02
2016.07.08 15:32:18.643,0.19862,0.19892,0.04,0.01
2016.07.08 15:32:22.966,0.19863,0.19893,0.04,0.02
2016.07.08 15:32:36.255,0.19862,0.19892,0.06,0.02
2016.07.08 15:32:36.911,0.19863,0.19893,0.04,0.02
2016.07.08 15:32:37.407,0.19869,0.19899,0.02,0.04
2016.07.08 15:32:38.829,0.19869,0.19899,0.04,0.02
2016.07.08 15:32:38.931,0.19868,0.19898,0.07,0.02
2016.07.08 15:32:39.536,0.19871,0.19901,0.02,0.02
2016.07.08 15:32:40.961,0.19869,0.19899,0.02,0.04
2016.07.08 15:32:41.939,0.19868,0.19898,0.05,0.02
2016.07.08 15:32:42.748,0.19871,0.19901,0.02,0.02
2016.07.08 15:32:43.174,0.19869,0.19899,0.02,0.04
2016.07.08 15:32:43.689,0.19871,0.19901,0.02,0.02
2016.07.08 15:32:44.261,0.1987,0.199,0.02,0.04
2016.07.08 15:32:44.727,0.19872,0.19902,0.02,0.05
2016.07.08 15:32:45.169,0.19868,0.19898,0.03,0.02
2016.07.08 15:32:46.030,0.19869,0.19899,0.04,0.04
2016.07.08 15:32:46.414,0.19869,0.19899,0.02,0.02
2016.07.08 15:32:47.146,0.19868,0.19898,0.06,0.02
2016.07.08 15:32:47.885,0.19872,0.19902,0.02,0.09
2016.07.08 15:32:48.400,0.19871,0.19901,0.02,0.02
2016.07.08 15:32:49.865,0.19872,0.19902,0.02,0.03
2016.07.08 15:32:51.643,0.19871,0.19901,0.04,0.02
2016.07.08 15:32:52.094,0.19869,0.19899,0.04,0.02
2016.07.08 15:32:52.145,0.19869,0.19899,0.02,0.04
2016.07.08 15:32:52.790,0.19864,0.19894,0.02,0.04
2016.07.08 15:32:53.651,0.19861,0.19891,0.08,0.01
2016.07.08 15:32:53.933,0.1986,0.19891,0.04,0.02
2016.07.08 15:32:53.984,0.19859,0.19889,0.02,0.06
2016.07.08 15:32:56.455,0.19858,0.19888,0.04,0.02
2016.07.08 15:32:56.956,0.19859,0.19889,0.02,0.06
2016.07.08 15:32:57.461,0.19859,0.19889,0.02,0.02
2016.07.08 15:32:58.779,0.19859,0.19889,0.02,0.04
2016.07.08 15:32:59.367,0.19858,0.19888,0.02,0.02
2016.07.08 15:33:00.213,0.19859,0.19889,0.04,0.04
2016.07.08 15:33:00.264,0.19858,0.19888,0.05,0.02
2016.07.08 15:33:01.567,0.19862,0.19892,0.04,0.03
2016.07.08 15:33:02.125,0.19861,0.19891,0.04,0.02
2016.07.08 15:33:03.369,0.19862,0.19892,0.04,0.03
2016.07.08 15:33:03.883,0.19863,0.19893,0.02,0.02
2016.07.08 15:33:12.889,0.19864,0.19894,0.02,0.04
2016.07.08 15:33:13.448,0.19862,0.19892,0.02,0.01
2016.07.08 15:33:13.991,0.19865,0.19895,0.02,0.08
2016.07.08 15:33:17.801,0.19864,0.19894,0.02,0.04
2016.07.08 15:33:22.043,0.19863,0.19893,0.02,0.02
2016.07.08 15:33:22.845,0.19864,0.19894,0.02,0.06
2016.07.08 15:33:23.185,0.19859,0.19889,0.06,0.02
2016.07.08 15:33:23.418,0.19859,0.19889,0.02,0.04
2016.07.08 15:33:24.450,0.19859,0.19889,0.02,0.04
2016.07.08 15:33:24.603,0.19859,0.19891,0.02,0.04
2016.07.08 15:33:24.730,0.19861,0.19891,0.04,0.02
2016.07.08 15:33:25.440,0.19864,0.19894,0.02,0.06
2016.07.08 15:33:25.864,0.19859,0.19889,0.04,0.02
2016.07.08 15:33:25.926,0.19859,0.19889,0.02,0.06
2016.07.08 15:33:26.627,0.19858,0.19888,0.03,0.02
2016.07.08 15:33:27.288,0.19859,0.19889,0.02,0.06
2016.07.08 15:33:27.931,0.1986,0.1989,0.02,0.08
2016.07.08 15:33:31.110,0.19859,0.19889,0.02,0.06
2016.07.08 15:33:31.772,0.1986,0.1989,0.02,0.02
2016.07.08 15:33:33.817,0.19861,0.19891,0.02,0.02
2016.07.08 15:33:34.147,0.19861,0.19891,0.04,0.02
2016.07.08 15:33:34.776,0.19864,0.19894,0.02,0.06
2016.07.08 15:33:35.449,0.19863,0.19893,0.04,0.03
2016.07.08 15:33:35.550,0.19861,0.19891,0.02,0.02
2016.07.08 15:33:35.862,0.19858,0.19888,0.05,0.02
2016.07.08 15:33:36.201,0.19861,0.19891,0.04,0.02
2016.07.08 15:33:36.712,0.19862,0.19892,0.04,0.03
2016.07.08 15:33:37.381,0.19863,0.19893,0.04,0.03
2016.07.08 15:33:38.070,0.19863,0.19893,0.04,0.01
2016.07.08 15:33:38.702,0.19862,0.19892,0.04,0.02
2016.07.08 15:33:48.970,0.19859,0.19889,0.04,0.04
2016.07.08 15:33:49.316,0.19862,0.19892,0.04,0.05
2016.07.08 15:33:50.318,0.19862,0.19892,0.02,0.09
2016.07.08 15:33:51.131,0.19859,0.19889,0.02,0.04
2016.07.08 15:33:55.216,0.19859,0.19889,0.04,0.02
2016.07.08 15:33:55.553,0.19858,0.19888,0.05,0.02
2016.07.08 15:33:56.158,0.19861,0.19891,0.02,0.04
2016.07.08 15:33:57.543,0.19862,0.19892,0.02,0.09
2016.07.08 15:33:58.968,0.19861,0.19891,0.02,0.04
2016.07.08 15:33:59.477,0.19862,0.19892,0.02,0.09
2016.07.08 15:34:01.381,0.19859,0.19889,0.04,0.02
2016.07.08 15:34:01.435,0.19858,0.19888,0.05,0.02
2016.07.08 15:34:04.444,0.19861,0.19891,0.02,0.09
2016.07.08 15:34:06.234,0.19862,0.19892,0.04,0.01
2016.07.08 15:34:17.595,0.19866,0.19896,0.02,0.04
2016.07.08 15:34:17.696,0.19866,0.19896,0.02,0.02
2016.07.08 15:34:18.188,0.19867,0.19897,0.04,0.01
2016.07.08 15:34:23.411,0.19868,0.19898,0.02,0.03
2016.07.08 15:34:24.406,0.19869,0.19899,0.02,0.05
2016.07.08 15:34:28.647,0.19868,0.19898,0.04,0.03
2016.07.08 15:34:29.420,0.19869,0.19899,0.02,0.08
2016.07.08 15:34:32.973,0.19867,0.19897,0.06,0.01
2016.07.08 15:34:34.443,0.19864,0.19894,0.04,0.02
2016.07.08 15:34:34.554,0.19863,0.19893,0.05,0.02
2016.07.08 15:34:34.762,0.19865,0.19895,0.04,0.02
2016.07.08 15:34:45.970,0.19864,0.19894,0.04,0.02
2016.07.08 15:34:46.054,0.19864,0.19894,0.04,0.04
2016.07.08 15:34:46.155,0.19866,0.19896,0.02,0.02
2016.07.08 15:34:46.568,0.19864,0.19894,0.04,0.02
2016.07.08 15:34:46.676,0.19866,0.19896,0.02,0.04
2016.07.08 15:34:47.240,0.19866,0.19896,0.02,0.02
2016.07.08 15:34:50.223,0.19864,0.19894,0.04,0.02
2016.07.08 15:34:50.274,0.19864,0.19894,0.02,0.04
2016.07.08 15:34:50.585,0.19866,0.19896,0.02,0.02
2016.07.08 15:34:51.184,0.19864,0.19894,0.04,0.02
2016.07.08 15:34:51.285,0.19864,0.19894,0.04,0.04
2016.07.08 15:34:52.569,0.19867,0.19897,0.02,0.03
2016.07.08 15:34:52.682,0.19867,0.19897,0.02,0.03
2016.07.08 15:34:53.447,0.19868,0.19898,0.04,0.03
2016.07.08 15:34:53.989,0.19869,0.19899,0.04,0.04
2016.07.08 15:34:59.089,0.19872,0.19902,0.02,0.09
2016.07.08 15:34:59.649,0.19869,0.19899,0.02,0.04
2016.07.08 15:35:07.532,0.19872,0.19902,0.02,0.03
2016.07.08 15:35:07.633,0.19873,0.19903,0.04,0.03
2016.07.08 15:35:10.287,0.19869,0.19899,0.04,0.02
2016.07.08 15:35:10.337,0.19868,0.19898,0.05,0.02
2016.07.08 15:35:11.242,0.19869,0.19899,0.04,0.04
2016.07.08 15:35:11.293,0.19872,0.19902,0.04,0.03
2016.07.08 15:35:11.671,0.19869,0.19899,0.04,0.02
2016.07.08 15:35:11.722,0.19868,0.19898,0.06,0.02
2016.07.08 15:35:12.236,0.19869,0.19899,0.04,0.04
2016.07.08 15:35:12.664,0.1987,0.199,0.04,0.02
2016.07.08 15:35:12.765,0.19869,0.19899,0.04,0.04
2016.07.08 15:35:14.845,0.19868,0.19898,0.06,0.02
2016.07.08 15:35:20.867,0.19869,0.19899,0.04,0.04
2016.07.08 15:35:21.589,0.1987,0.199,0.04,0.04
2016.07.08 15:35:21.691,0.19871,0.19901,0.02,0.02
2016.07.08 15:35:22.201,0.19868,0.19898,0.05,0.02
2016.07.08 15:35:22.860,0.19869,0.19899,0.04,0.04
2016.07.08 15:35:26.004,0.19872,0.19902,0.04,0.10
2016.07.08 15:35:26.105,0.19873,0.19903,0.04,0.01
2016.07.08 15:35:26.641,0.19873,0.19903,0.04,0.03
2016.07.08 15:35:28.403,0.19871,0.19902,0.06,0.02
2016.07.08 15:35:28.572,0.19868,0.19898,0.06,0.02
2016.07.08 15:35:30.579,0.19869,0.19899,0.04,0.04
2016.07.08 15:35:30.680,0.1987,0.199,0.04,0.02
2016.07.08 15:35:31.009,0.19872,0.19902,0.06,0.01
2016.07.08 15:35:34.388,0.19876,0.19906,0.02,0.12
2016.07.08 15:35:35.421,0.19875,0.19905,0.02,0.10
2016.07.08 15:35:38.605,0.19872,0.19902,0.06,0.01
2016.07.08 15:35:44.003,0.19876,0.19906,0.02,0.04
2016.07.08 15:35:44.154,0.19879,0.19909,0.04,0.04
2016.07.08 15:35:44.680,0.19877,0.19907,0.04,0.01
2016.07.08 15:35:45.824,0.19878,0.19908,0.04,0.01
2016.07.08 15:35:46.508,0.19882,0.19912,0.02,0.04
2016.07.08 15:35:46.659,0.19884,0.19915,0.04,0.02
2016.07.08 15:35:47.009,0.19882,0.19912,0.06,0.01
2016.07.08 15:35:47.588,0.19882,0.19912,0.06,0.02
2016.07.08 15:35:49.313,0.19883,0.19913,0.04,0.02
2016.07.08 15:35:49.827,0.19885,0.19915,0.02,0.06
2016.07.08 15:35:51.253,0.19886,0.19916,0.02,0.09
2016.07.08 15:35:51.697,0.19879,0.19909,0.04,0.02
2016.07.08 15:35:51.748,0.19881,0.19911,0.04,0.03
2016.07.08 15:35:52.146,0.19879,0.19909,0.02,0.04
2016.07.08 15:35:53.331,0.1988,0.1991,0.04,0.02
2016.07.08 15:35:53.871,0.19882,0.19912,0.02,0.08
2016.07.08 15:35:54.253,0.19878,0.19908,0.05,0.02
2016.07.08 15:35:54.839,0.19879,0.19909,0.02,0.04
2016.07.08 15:35:58.279,0.1988,0.1991,0.02,0.06
2016.07.08 15:35:59.343,0.19881,0.19911,0.02,0.09
2016.07.08 15:36:00.244,0.1988,0.1991,0.02,0.06
2016.07.08 15:36:00.812,0.19878,0.19908,0.04,0.01
2016.07.08 15:36:01.472,0.1988,0.1991,0.02,0.06
2016.07.08 15:36:04.351,0.19879,0.19909,0.02,0.05
2016.07.08 15:36:07.511,0.19879,0.19909,0.02,0.02
2016.07.08 15:36:08.181,0.19879,0.19909,0.02,0.05
2016.07.08 15:36:10.448,0.19875,0.19907,0.04,0.02
2016.07.08 15:36:10.607,0.19874,0.19904,0.02,0.04
2016.07.08 15:36:11.158,0.19873,0.19903,0.05,0.02
2016.07.08 15:36:12.195,0.19874,0.19904,0.02,0.04
2016.07.08 15:36:13.071,0.19873,0.19903,0.04,0.02
2016.07.08 15:36:14.085,0.19869,0.19899,0.08,0.02
2016.07.08 15:36:14.616,0.19872,0.19902,0.06,0.01
2016.07.08 15:36:15.293,0.19873,0.19903,0.05,0.02
2016.07.08 15:36:19.837,0.19876,0.19906,0.02,0.05
2016.07.08 15:36:24.531,0.19877,0.19907,0.02,0.10
2016.07.08 15:36:26.339,0.19876,0.19906,0.02,0.08
2016.07.08 15:36:26.752,0.19877,0.19907,0.04,0.03
2016.07.08 15:36:27.280,0.19877,0.19907,0.04,0.01
2016.07.08 15:36:30.420,0.19878,0.19908,0.04,0.02
2016.07.08 15:36:34.345,0.19879,0.19909,0.02,0.04
2016.07.08 15:36:40.155,0.19878,0.19908,0.06,0.01
2016.07.08 15:36:40.773,0.1988,0.1991,0.02,0.07
2016.07.08 15:36:41.075,0.1988,0.1991,0.04,0.02
2016.07.08 15:36:41.176,0.19879,0.19909,0.02,0.04
2016.07.08 15:36:41.741,0.19878,0.19908,0.05,0.02
2016.07.08 15:36:42.638,0.19879,0.19909,0.04,0.04
2016.07.08 15:36:43.412,0.19878,0.19908,0.05,0.02
2016.07.08 15:36:44.442,0.19878,0.19908,0.06,0.02
2016.07.08 15:36:45.155,0.19879,0.19909,0.04,0.04
2016.07.08 15:36:45.702,0.19878,0.19908,0.07,0.02
2016.07.08 15:36:46.045,0.19881,0.19912,0.06,0.07
2016.07.08 15:36:46.095,0.1988,0.1991,0.04,0.02
2016.07.08 15:36:47.708,0.19879,0.19909,0.08,0.02
2016.07.08 15:36:47.860,0.19878,0.19908,0.06,0.02
2016.07.08 15:36:49.805,0.19876,0.19906,0.04,0.01
2016.07.08 15:36:49.957,0.19874,0.19904,0.02,0.04
2016.07.08 15:36:50.520,0.19873,0.19903,0.04,0.02
2016.07.08 15:37:04.088,0.19876,0.19906,0.02,0.08
2016.07.08 15:37:04.598,0.19873,0.19903,0.05,0.02
2016.07.08 15:37:05.584,0.19874,0.19904,0.04,0.04
2016.07.08 15:37:09.252,0.19877,0.19907,0.02,0.03
2016.07.08 15:37:11.080,0.19878,0.19908,0.04,0.03
2016.07.08 15:37:12.438,0.19878,0.19908,0.04,0.02
2016.07.08 15:37:13.089,0.19879,0.19909,0.02,0.04
2016.07.08 15:37:14.209,0.19878,0.19908,0.04,0.02
2016.07.08 15:37:14.910,0.19879,0.19909,0.02,0.06
2016.07.08 15:37:18.553,0.19879,0.19909,0.02,0.04
2016.07.08 15:37:23.627,0.1988,0.1991,0.02,0.08
2016.07.08 15:37:27.082,0.19874,0.19904,0.04,0.02
2016.07.08 15:37:27.133,0.19874,0.19904,0.02,0.04
2016.07.08 15:37:28.055,0.19873,0.19903,0.05,0.02
2016.07.08 15:37:47.582,0.19875,0.19905,0.02,0.08
2016.07.08 15:37:48.384,0.19875,0.19905,0.02,0.06
2016.07.08 15:37:50.387,0.19874,0.19904,0.04,0.02
2016.07.08 15:37:50.802,0.19873,0.19903,0.05,0.02
2016.07.08 15:37:51.588,0.19874,0.19904,0.04,0.04
2016.07.08 15:37:51.689,0.19873,0.19903,0.05,0.02
2016.07.08 15:37:52.090,0.19875,0.19905,0.04,0.02
2016.07.08 15:37:52.393,0.19877,0.19907,0.04,0.03
2016.07.08 15:37:57.597,0.19876,0.19906,0.06,0.02
2016.07.08 15:37:58.098,0.19879,0.19909,0.02,0.06
2016.07.08 15:38:00.253,0.19878,0.19908,0.06,0.02
2016.07.08 15:38:00.922,0.19879,0.19909,0.02,0.04
2016.07.08 15:38:01.698,0.19878,0.19908,0.06,0.02
2016.07.08 15:38:04.510,0.19881,0.19911,0.02,0.09
2016.07.08 15:38:16.247,0.19882,0.19912,0.02,0.11
2016.07.08 15:38:39.671,0.19879,0.19909,0.02,0.02
2016.07.08 15:38:42.682,0.19882,0.19912,0.02,0.11
2016.07.08 15:38:43.508,0.19879,0.19909,0.02,0.05
2016.07.08 15:38:45.717,0.1988,0.1991,0.02,0.09
2016.07.08 15:38:53.088,0.19879,0.19909,0.02,0.06
2016.07.08 15:38:53.691,0.1988,0.1991,0.02,0.08
2016.07.08 15:38:55.292,0.19879,0.19909,0.02,0.04
2016.07.08 15:38:55.829,0.19878,0.19908,0.04,0.02
2016.07.08 15:38:59.500,0.19881,0.19911,0.02,0.06
2016.07.08 15:39:00.024,0.19879,0.19909,0.02,0.02
2016.07.08 15:39:38.112,0.1988,0.1991,0.02,0.08
2016.07.08 15:39:39.288,0.1988,0.1991,0.02,0.06
2016.07.08 15:39:42.741,0.19879,0.19909,0.02,0.02
2016.07.08 15:39:49.891,0.1988,0.1991,0.02,0.08
2016.07.08 15:39:52.437,0.19878,0.19908,0.04,0.02
2016.07.08 15:39:59.598,0.19877,0.19907,0.04,0.01
2016.07.08 15:39:59.700,0.19874,0.19905,0.04,0.04
2016.07.08 15:39:59.952,0.19877,0.19907,0.02,0.03
2016.07.08 15:40:00.003,0.19877,0.19907,0.02,0.01
2016.07.08 15:40:00.155,0.19877,0.19907,0.04,0.03
2016.07.08 15:40:02.164,0.19881,0.19911,0.02,0.10
2016.07.08 15:40:02.387,0.19879,0.19909,0.06,0.02
2016.07.08 15:40:04.469,0.1988,0.1991,0.02,0.08
2016.07.08 15:40:05.056,0.19879,0.19909,0.04,0.04
2016.07.08 15:40:05.283,0.19882,0.19912,0.02,0.05
2016.07.08 15:40:05.605,0.19884,0.19914,0.02,0.08
2016.07.08 15:40:05.784,0.19881,0.19911,0.02,0.06
2016.07.08 15:40:06.076,0.19884,0.19914,0.02,0.06
2016.07.08 15:40:10.293,0.19882,0.19912,0.02,0.03
2016.07.08 15:40:10.444,0.19879,0.19909,0.06,0.02
2016.07.08 15:40:10.746,0.19882,0.19912,0.04,0.01
2016.07.08 15:40:11.698,0.19882,0.19912,0.04,0.03
2016.07.08 15:40:12.332,0.19881,0.19911,0.06,0.02
2016.07.08 15:40:13.150,0.19882,0.19912,0.04,0.03
2016.07.08 15:40:13.477,0.19886,0.19916,0.02,0.12
2016.07.08 15:40:15.253,0.19881,0.19911,0.08,0.02
2016.07.08 15:40:15.828,0.19884,0.19914,0.02,0.06
2016.07.08 15:40:21.885,0.19882,0.19912,0.04,0.03
2016.07.08 15:40:22.389,0.19881,0.19911,0.02,0.02
2016.07.08 15:40:22.976,0.19882,0.19912,0.04,0.03
2016.07.08 15:40:24.218,0.1988,0.19912,0.04,0.03
2016.07.08 15:40:24.321,0.19878,0.19908,0.05,0.02
2016.07.08 15:40:24.653,0.19879,0.19909,0.04,0.02
2016.07.08 15:40:25.231,0.19879,0.19909,0.02,0.02
2016.07.08 15:40:28.428,0.19881,0.19911,0.02,0.08
2016.07.08 15:40:28.975,0.19883,0.19913,0.02,0.10
2016.07.08 15:40:29.780,0.19882,0.19912,0.02,0.09
2016.07.08 15:40:30.119,0.19879,0.19909,0.02,0.02
2016.07.08 15:40:31.725,0.19882,0.19912,0.02,0.09
2016.07.08 15:40:32.937,0.19881,0.19911,0.02,0.06
2016.07.08 15:40:33.038,0.19883,0.19913,0.02,0.04
2016.07.08 15:40:33.538,0.19886,0.19916,0.02,0.12
2016.07.08 15:40:37.053,0.19885,0.19915,0.04,0.02
2016.07.08 15:40:38.657,0.19882,0.19912,0.08,0.01
2016.07.08 15:40:59.742,0.19882,0.19912,0.02,0.08
2016.07.08 15:40:59.843,0.19879,0.19909,0.04,0.04
2016.07.08 15:40:59.902,0.19879,0.19909,0.02,0.04
2016.07.08 15:41:00.505,0.1988,0.1991,0.02,0.08
2016.07.08 15:41:04.338,0.19886,0.19916,0.02,0.14
2016.07.08 15:41:04.710,0.19885,0.19915,0.02,0.10
2016.07.08 15:41:12.337,0.19882,0.19912,0.02,0.03
2016.07.08 15:41:12.591,0.1988,0.1991,0.02,0.02
2016.07.08 15:41:13.521,0.19879,0.19909,0.04,0.02
2016.07.08 15:41:14.446,0.1988,0.1991,0.02,0.06
2016.07.08 15:41:15.549,0.19879,0.19909,0.06,0.04
2016.07.08 15:41:17.342,0.19882,0.19912,0.02,0.09
2016.07.08 15:41:17.552,0.19883,0.19913,0.02,0.06
2016.07.08 15:41:19.244,0.19886,0.19916,0.02,0.12
2016.07.08 15:41:25.578,0.19882,0.19912,0.02,0.03
2016.07.08 15:41:31.587,0.19882,0.19912,0.04,0.03
2016.07.08 15:41:33.160,0.19883,0.19913,0.02,0.06
2016.07.08 15:41:34.404,0.19882,0.19912,0.06,0.03
2016.07.08 15:41:37.589,0.19883,0.19913,0.02,0.06
2016.07.08 15:41:41.349,0.19886,0.19916,0.02,0.12
2016.07.08 15:41:42.130,0.19884,0.19914,0.02,0.08
2016.07.08 15:42:40.253,0.19888,0.19918,0.02,0.03
2016.07.08 15:42:40.831,0.19887,0.19917,0.02,0.03
2016.07.08 15:42:41.350,0.19887,0.19917,0.04,0.03
2016.07.08 15:42:42.925,0.19888,0.19918,0.04,0.02
2016.07.08 15:42:43.367,0.19892,0.19922,0.02,0.11
2016.07.08 15:42:47.592,0.19896,0.19926,0.02,0.14
2016.07.08 15:42:48.107,0.19896,0.19926,0.06,0.02
2016.07.08 15:42:48.688,0.19897,0.19927,0.02,0.10
2016.07.08 15:42:48.789,0.19895,0.19925,0.02,0.08
2016.07.08 15:42:58.133,0.19894,0.19924,0.07,0.02
2016.07.08 15:42:58.435,0.19897,0.19927,0.02,0.03
2016.07.08 15:42:59.060,0.19897,0.19927,0.04,0.03
2016.07.08 15:43:01.185,0.19902,0.19932,0.02,0.11
2016.07.08 15:43:04.870,0.199,0.1993,0.02,0.04
2016.07.08 15:43:05.122,0.19902,0.19932,0.02,0.09
2016.07.08 15:43:05.599,0.19902,0.19932,0.04,0.03
2016.07.08 15:43:06.173,0.19901,0.19931,0.06,0.02
2016.07.08 15:43:06.341,0.19902,0.19932,0.02,0.03
2016.07.08 15:43:06.801,0.19902,0.19932,0.02,0.03
2016.07.08 15:43:07.443,0.19901,0.19931,0.06,0.02
2016.07.08 15:43:08.206,0.19902,0.19932,0.02,0.05
2016.07.08 15:43:08.605,0.199,0.1993,0.02,0.08
2016.07.08 15:43:09.461,0.19899,0.19929,0.02,0.06
2016.07.08 15:43:10.195,0.19902,0.19932,0.02,0.13
2016.07.08 15:43:15.934,0.19894,0.19924,0.06,0.02
2016.07.08 15:43:16.021,0.19894,0.19924,0.02,0.06
2016.07.08 15:43:19.728,0.19891,0.19921,0.06,0.02
2016.07.08 15:43:20.162,0.19891,0.19921,0.02,0.02
2016.07.08 15:43:20.630,0.19891,0.19921,0.06,0.02
2016.07.08 15:43:21.181,0.19892,0.19922,0.02,0.05
2016.07.08 15:43:21.832,0.19891,0.19921,0.06,0.02
2016.07.08 15:43:26.328,0.19894,0.19924,0.02,0.08
2016.07.08 15:43:26.436,0.19891,0.19921,0.06,0.02
2016.07.08 15:43:26.938,0.19892,0.19922,0.02,0.03
2016.07.08 15:43:27.767,0.19891,0.19921,0.06,0.02
2016.07.08 15:43:28.044,0.19889,0.19919,0.06,0.02
2016.07.08 15:43:28.645,0.1989,0.1992,0.02,0.04
2016.07.08 15:43:29.632,0.19892,0.19922,0.02,0.11
2016.07.08 15:43:43.732,0.19888,0.19918,0.04,0.02
2016.07.08 15:43:44.271,0.19892,0.19922,0.04,0.03
2016.07.08 15:43:45.312,0.19893,0.19923,0.04,0.03
2016.07.08 15:43:45.834,0.19893,0.19923,0.04,0.02
2016.07.08 15:43:46.494,0.19894,0.19924,0.04,0.04
2016.07.08 15:43:47.009,0.19893,0.19923,0.04,0.02
2016.07.08 15:43:49.086,0.19895,0.19925,0.02,0.08
2016.07.08 15:43:51.128,0.19894,0.19924,0.04,0.02
2016.07.08 15:43:51.290,0.19893,0.19923,0.05,0.02
2016.07.08 15:43:51.728,0.19897,0.19927,0.02,0.05
2016.07.08 15:43:52.285,0.19896,0.19926,0.04,0.02
2016.07.08 15:43:53.199,0.19897,0.19927,0.02,0.03
2016.07.08 15:43:53.939,0.19896,0.19926,0.04,0.02
2016.07.08 15:43:54.448,0.19897,0.19927,0.04,0.03
2016.07.08 15:43:55.400,0.19896,0.19926,0.06,0.02
2016.07.08 15:43:56.330,0.19899,0.19929,0.02,0.06
2016.07.08 15:43:57.203,0.19896,0.19926,0.04,0.02
2016.07.08 15:43:57.705,0.19899,0.19929,0.02,0.08
2016.07.08 15:43:58.538,0.19896,0.19926,0.04,0.02
2016.07.08 15:43:59.009,0.199,0.1993,0.02,0.11
2016.07.08 15:43:59.610,0.19899,0.19929,0.02,0.08
2016.07.08 15:44:00.612,0.199,0.1993,0.02,0.10
2016.07.08 15:44:01.341,0.19898,0.19928,0.04,0.03
2016.07.08 15:44:01.843,0.19897,0.19927,0.06,0.03
2016.07.08 15:44:04.420,0.199,0.1993,0.02,0.09
2016.07.08 15:44:06.741,0.19899,0.19929,0.02,0.08
2016.07.08 15:44:10.936,0.199,0.1993,0.02,0.06
2016.07.08 15:44:11.583,0.199,0.1993,0.02,0.02
2016.07.08 15:44:12.138,0.199,0.1993,0.02,0.06
2016.07.08 15:44:14.543,0.199,0.1993,0.02,0.09
2016.07.08 15:44:15.946,0.19899,0.19929,0.02,0.07
2016.07.08 15:44:16.247,0.19893,0.19923,0.03,0.02
2016.07.08 15:44:20.564,0.19891,0.19923,0.06,0.03
2016.07.08 15:44:20.765,0.1989,0.1992,0.02,0.08
2016.07.08 15:44:21.900,0.1989,0.1992,0.02,0.02
2016.07.08 15:44:22.001,0.19891,0.19921,0.04,0.02
2016.07.08 15:44:22.491,0.19891,0.19921,0.02,0.02
2016.07.08 15:44:24.272,0.19888,0.19918,0.06,0.02
2016.07.08 15:44:24.608,0.19886,0.19916,0.08,0.02
2016.07.08 15:44:25.457,0.19889,0.19919,0.02,0.06
2016.07.08 15:44:27.353,0.19886,0.19916,0.08,0.02
2016.07.08 15:44:42.165,0.19884,0.19914,0.06,0.02
2016.07.08 15:44:42.334,0.19884,0.19914,0.02,0.04
2016.07.08 15:44:42.969,0.19884,0.19914,0.02,0.04
2016.07.08 15:44:43.292,0.19887,0.19917,0.02,0.03
2016.07.08 15:44:46.020,0.19886,0.19916,0.06,0.02
2016.07.08 15:44:48.105,0.19884,0.19914,0.04,0.02
2016.07.08 15:44:48.155,0.19883,0.19913,0.05,0.02
2016.07.08 15:44:48.736,0.19884,0.19914,0.02,0.06
2016.07.08 15:44:50.944,0.19883,0.19913,0.03,0.02
2016.07.08 15:44:54.958,0.19884,0.19914,0.02,0.06
2016.07.08 15:44:55.434,0.19879,0.19909,0.04,0.02
2016.07.08 15:44:55.562,0.19878,0.19908,0.04,0.02
2016.07.08 15:44:56.525,0.19879,0.19909,0.02,0.04
2016.07.08 15:44:57.671,0.19876,0.19906,0.02,0.02
2016.07.08 15:44:58.175,0.19877,0.19907,0.02,0.03
2016.07.08 15:44:58.686,0.19876,0.19906,0.04,0.02
2016.07.08 15:44:59.096,0.19874,0.19904,0.04,0.02
2016.07.08 15:44:59.323,0.19875,0.19905,0.02,0.04
2016.07.08 15:44:59.478,0.19875,0.19905,0.02,0.02
2016.07.08 15:44:59.979,0.19876,0.19906,0.02,0.03
2016.07.08 15:45:00.782,0.19875,0.19905,0.04,0.02
2016.07.08 15:45:01.364,0.19876,0.19906,0.02,0.02
2016.07.08 15:45:01.887,0.19875,0.19905,0.04,0.02
2016.07.08 15:45:02.531,0.19875,0.19905,0.02,0.02
2016.07.08 15:45:02.851,0.19877,0.19907,0.04,0.03
2016.07.08 15:45:09.023,0.1988,0.1991,0.02,0.08
2016.07.08 15:45:09.611,0.19881,0.19911,0.02,0.10
2016.07.08 15:45:09.737,0.19879,0.19909,0.02,0.05
2016.07.08 15:45:11.616,0.19879,0.19909,0.02,0.06
2016.07.08 15:45:11.714,0.1988,0.1991,0.02,0.08
2016.07.08 15:45:12.320,0.19879,0.19909,0.02,0.06
2016.07.08 15:45:12.977,0.1988,0.1991,0.02,0.08
2016.07.08 15:45:15.839,0.19879,0.19909,0.02,0.06
2016.07.08 15:45:18.678,0.19878,0.19908,0.02,0.04
2016.07.08 15:45:19.471,0.19877,0.19907,0.02,0.06
2016.07.08 15:45:20.168,0.19878,0.19908,0.02,0.06
2016.07.08 15:45:20.668,0.19874,0.19904,0.02,0.06
2016.07.08 15:45:22.076,0.19873,0.19903,0.03,0.02
2016.07.08 15:45:22.959,0.19876,0.19906,0.02,0.04
2016.07.08 15:45:23.288,0.19876,0.19906,0.04,0.02
2016.07.08 15:45:24.557,0.19879,0.19909,0.02,0.08
2016.07.08 15:45:28.041,0.19876,0.19906,0.04,0.02
2016.07.08 15:45:28.639,0.19877,0.19907,0.04,0.03
2016.07.08 15:45:29.583,0.19876,0.19906,0.04,0.02
2016.07.08 15:45:34.049,0.19874,0.19904,0.06,0.02
2016.07.08 15:45:34.202,0.19874,0.19904,0.02,0.06
2016.07.08 15:45:34.820,0.19874,0.19904,0.02,0.06
2016.07.08 15:45:38.013,0.19873,0.19903,0.02,0.04
2016.07.08 15:45:43.073,0.19874,0.19904,0.02,0.06
2016.07.08 15:45:46.280,0.19873,0.19903,0.02,0.04
2016.07.08 15:45:47.040,0.19874,0.19904,0.02,0.06
2016.07.08 15:45:53.592,0.19873,0.19903,0.02,0.02
2016.07.08 15:45:57.668,0.19874,0.19904,0.02,0.06
2016.07.08 15:45:58.349,0.19873,0.19903,0.02,0.03
2016.07.08 15:46:01.318,0.1987,0.199,0.02,0.02
2016.07.08 15:46:01.418,0.19869,0.19899,0.02,0.06
2016.07.08 15:46:03.535,0.19866,0.19896,0.07,0.02
2016.07.08 15:46:13.428,0.19867,0.19897,0.02,0.05
2016.07.08 15:46:15.940,0.19866,0.19896,0.04,0.02
2016.07.08 15:46:16.490,0.19867,0.19897,0.04,0.01
2016.07.08 15:46:19.614,0.19866,0.19896,0.04,0.02
2016.07.08 15:46:31.919,0.19866,0.19896,0.02,0.02
2016.07.08 15:46:32.566,0.19867,0.19897,0.02,0.05
2016.07.08 15:46:33.203,0.19866,0.19896,0.02,0.02
2016.07.08 15:46:33.822,0.19867,0.19897,0.02,0.05
2016.07.08 15:46:34.533,0.19866,0.19896,0.04,0.02
2016.07.08 15:46:36.387,0.19867,0.19897,0.02,0.05
2016.07.08 15:46:37.039,0.19866,0.19896,0.02,0.02
2016.07.08 15:46:37.341,0.19864,0.19894,0.02,0.04
2016.07.08 15:46:37.406,0.19864,0.19894,0.02,0.04
2016.07.08 15:46:37.690,0.19864,0.19894,0.04,0.02
2016.07.08 15:46:37.898,0.19865,0.19895,0.02,0.02
2016.07.08 15:46:38.569,0.19866,0.19896,0.02,0.04
2016.07.08 15:46:39.952,0.19865,0.19895,0.02,0.02
2016.07.08 15:46:40.614,0.19864,0.19894,0.02,0.04
2016.07.08 15:46:40.815,0.19866,0.19896,0.02,0.02
2016.07.08 15:46:41.699,0.19864,0.19894,0.02,0.06
2016.07.08 15:46:42.130,0.19866,0.19896,0.02,0.02
2016.07.08 15:46:43.263,0.19867,0.19897,0.02,0.09
2016.07.08 15:46:43.604,0.19867,0.19897,0.02,0.03
2016.07.08 15:46:44.406,0.19866,0.19896,0.06,0.02
2016.07.08 15:46:46.368,0.19865,0.19895,0.06,0.02
2016.07.08 15:46:46.915,0.19865,0.19895,0.02,0.04
2016.07.08 15:46:47.066,0.19863,0.19893,0.03,0.02
2016.07.08 15:47:01.614,0.19863,0.19894,0.02,0.06
2016.07.08 15:47:01.944,0.19865,0.19895,0.04,0.02
2016.07.08 15:47:01.995,0.19867,0.19897,0.02,0.03
2016.07.08 15:47:02.196,0.19864,0.19894,0.02,0.06
2016.07.08 15:47:02.470,0.19866,0.19896,0.02,0.06
2016.07.08 15:47:03.241,0.19867,0.19897,0.02,0.03
