2016.07.15 11:00:01.127,0.20197,0.20227,0.04,0.03
2016.07.15 11:00:01.472,0.20196,0.20226,0.09,0.02
2016.07.15 11:00:01.522,0.20201,0.20231,0.02,0.08
2016.07.15 11:00:01.943,0.20202,0.20232,0.04,0.06
2016.07.15 11:00:01.993,0.20206,0.20236,0.02,0.06
2016.07.15 11:00:02.394,0.20202,0.20232,0.02,0.06
2016.07.15 11:00:02.449,0.202,0.2023,0.04,0.03
2016.07.15 11:00:02.958,0.20197,0.20227,0.10,0.02
2016.07.15 11:00:03.795,0.20199,0.20229,0.02,0.02
2016.07.15 11:00:06.012,0.20198,0.20228,0.04,0.02
2016.07.15 11:00:06.398,0.202,0.2023,0.02,0.05
2016.07.15 11:00:08.188,0.20198,0.20228,0.06,0.02
2016.07.15 11:00:08.238,0.20196,0.20227,0.06,0.02
2016.07.15 11:00:08.289,0.20198,0.20228,0.04,0.05
2016.07.15 11:00:08.390,0.20198,0.20228,0.02,0.06
2016.07.15 11:00:10.611,0.20195,0.20225,0.06,0.02
2016.07.15 11:00:11.503,0.20197,0.20227,0.04,0.01
2016.07.15 11:00:11.704,0.20203,0.20233,0.02,0.08
2016.07.15 11:00:11.805,0.20202,0.20232,0.04,0.03
2016.07.15 11:00:12.608,0.20201,0.20231,0.02,0.02
2016.07.15 11:00:15.701,0.20203,0.20233,0.02,0.08
2016.07.15 11:00:23.104,0.20201,0.20231,0.02,0.02
2016.07.15 11:00:27.040,0.20203,0.20233,0.02,0.10
2016.07.15 11:00:31.291,0.20192,0.20229,0.20,0.02
2016.07.15 11:00:31.454,0.20191,0.20221,0.08,0.02
2016.07.15 11:00:31.960,0.20193,0.20223,0.08,0.01
2016.07.15 11:00:32.954,0.20192,0.20222,0.06,0.03
2016.07.15 11:00:33.055,0.20188,0.2022,0.13,0.02
2016.07.15 11:00:33.215,0.20193,0.20223,0.02,0.08
2016.07.15 11:00:33.821,0.20181,0.20218,0.19,0.04
2016.07.15 11:00:33.922,0.20183,0.20213,0.04,0.02
2016.07.15 11:00:38.111,0.20183,0.20213,0.08,0.04
2016.07.15 11:00:38.161,0.20187,0.20217,0.02,0.06
2016.07.15 11:00:38.269,0.20188,0.20218,0.02,0.08
2016.07.15 11:00:39.989,0.20181,0.20212,0.09,0.02
2016.07.15 11:00:55.441,0.20191,0.20221,0.02,0.21
2016.07.15 11:00:55.491,0.20185,0.20215,0.02,0.04
2016.07.15 11:00:55.542,0.20193,0.20223,0.02,0.10
2016.07.15 11:00:55.592,0.2019,0.2022,0.02,0.05
2016.07.15 11:00:58.131,0.20184,0.20218,0.13,0.04
2016.07.15 11:00:58.181,0.20189,0.20219,0.02,0.06
2016.07.15 11:00:58.703,0.20186,0.20216,0.04,0.02
2016.07.15 11:01:00.146,0.20191,0.20221,0.02,0.18
2016.07.15 11:01:00.712,0.20185,0.20216,0.09,0.02
2016.07.15 11:01:01.083,0.20184,0.20214,0.06,0.02
2016.07.15 11:01:01.184,0.20188,0.20218,0.04,0.06
2016.07.15 11:01:01.336,0.20186,0.20216,0.08,0.02
2016.07.15 11:01:01.479,0.20193,0.20223,0.02,0.10
2016.07.15 11:01:06.380,0.20184,0.20218,0.14,0.02
2016.07.15 11:01:06.481,0.20184,0.20214,0.06,0.02
2016.07.15 11:01:06.532,0.20189,0.20219,0.02,0.06
2016.07.15 11:01:06.793,0.20191,0.20221,0.02,0.18
2016.07.15 11:01:07.187,0.2019,0.2022,0.02,0.05
2016.07.15 11:01:10.295,0.20191,0.20221,0.02,0.08
2016.07.15 11:01:10.500,0.20193,0.20223,0.02,0.10
2016.07.15 11:01:11.024,0.20185,0.20217,0.06,0.01
2016.07.15 11:01:11.075,0.20188,0.20218,0.02,0.06
2016.07.15 11:01:11.232,0.20188,0.20218,0.02,0.08
2016.07.15 11:01:17.600,0.20182,0.20214,0.12,0.04
2016.07.15 11:01:31.388,0.20186,0.20216,0.06,0.02
2016.07.15 11:01:31.490,0.20191,0.20221,0.02,0.06
2016.07.15 11:01:34.014,0.20183,0.20218,0.14,0.02
2016.07.15 11:01:34.184,0.20191,0.20221,0.02,0.20
2016.07.15 11:01:34.288,0.20188,0.20218,0.02,0.10
2016.07.15 11:01:34.795,0.20183,0.20213,0.02,0.06
2016.07.15 11:01:35.016,0.20183,0.20213,0.02,0.08
2016.07.15 11:01:35.221,0.2018,0.20211,0.09,0.02
2016.07.15 11:01:37.221,0.20181,0.20211,0.08,0.02
2016.07.15 11:01:37.533,0.20178,0.20208,0.10,0.02
2016.07.15 11:01:37.835,0.20178,0.20208,0.06,0.04
2016.07.15 11:01:37.935,0.20177,0.20207,0.04,0.03
2016.07.15 11:01:43.230,0.20172,0.20204,0.12,0.04
2016.07.15 11:01:44.339,0.2017,0.20201,0.09,0.02
2016.07.15 11:01:48.147,0.20172,0.20202,0.04,0.03
2016.07.15 11:01:48.576,0.20173,0.20203,0.02,0.08
2016.07.15 11:01:48.627,0.20172,0.20202,0.04,0.01
2016.07.15 11:01:51.903,0.20176,0.20206,0.02,0.12
2016.07.15 11:01:56.609,0.20173,0.20203,0.02,0.08
2016.07.15 11:01:56.767,0.20176,0.20206,0.02,0.08
2016.07.15 11:02:01.847,0.20173,0.20203,0.04,0.05
2016.07.15 11:02:05.810,0.20173,0.20203,0.06,0.05
2016.07.15 11:02:16.370,0.20177,0.20207,0.02,0.08
2016.07.15 11:02:28.659,0.20173,0.20203,0.06,0.03
2016.07.15 11:02:41.336,0.20172,0.20203,0.07,0.04
2016.07.15 11:02:46.949,0.20175,0.20205,0.02,0.04
2016.07.15 11:02:47.000,0.20176,0.20206,0.02,0.06
2016.07.15 11:02:47.192,0.20178,0.20208,0.02,0.04
2016.07.15 11:02:47.293,0.20177,0.20207,0.04,0.01
2016.07.15 11:02:47.464,0.2018,0.2021,0.02,0.08
2016.07.15 11:02:48.273,0.20175,0.20205,0.06,0.02
2016.07.15 11:02:49.310,0.20178,0.20208,0.02,0.04
2016.07.15 11:02:49.567,0.2018,0.2021,0.02,0.12
2016.07.15 11:02:49.671,0.20182,0.20212,0.02,0.09
2016.07.15 11:02:50.377,0.2018,0.2021,0.02,0.08
2016.07.15 11:02:50.427,0.20173,0.20203,0.14,0.01
2016.07.15 11:02:50.478,0.20177,0.20207,0.02,0.06
2016.07.15 11:02:50.529,0.20171,0.20201,0.13,0.02
2016.07.15 11:02:51.041,0.20173,0.20203,0.04,0.03
2016.07.15 11:03:03.202,0.20172,0.20203,0.07,0.04
2016.07.15 11:03:03.772,0.20173,0.20203,0.06,0.04
2016.07.15 11:03:06.584,0.20182,0.20212,0.02,0.19
2016.07.15 11:03:06.786,0.20177,0.20207,0.02,0.07
2016.07.15 11:03:07.882,0.20172,0.20202,0.04,0.02
2016.07.15 11:03:08.437,0.20173,0.20203,0.02,0.08
2016.07.15 11:03:10.689,0.20172,0.20202,0.02,0.05
2016.07.15 11:03:11.191,0.20167,0.20197,0.06,0.02
2016.07.15 11:03:13.294,0.2017,0.202,0.02,0.08
2016.07.15 11:03:13.495,0.20172,0.20202,0.02,0.09
2016.07.15 11:03:30.294,0.20169,0.20199,0.02,0.05
2016.07.15 11:03:34.001,0.20169,0.20199,0.02,0.08
2016.07.15 11:03:35.604,0.2017,0.202,0.02,0.07
2016.07.15 11:03:52.136,0.20175,0.20205,0.02,0.22
2016.07.15 11:03:52.438,0.20172,0.20202,0.04,0.07
2016.07.15 11:03:52.758,0.20175,0.20205,0.02,0.15
2016.07.15 11:03:52.931,0.20172,0.20202,0.02,0.07
2016.07.15 11:04:01.839,0.20175,0.20205,0.02,0.21
2016.07.15 11:04:02.040,0.20172,0.20202,0.02,0.07
2016.07.15 11:04:07.744,0.20175,0.20205,0.02,0.21
2016.07.15 11:04:07.795,0.20169,0.202,0.06,0.02
2016.07.15 11:04:08.076,0.20177,0.20207,0.02,0.18
2016.07.15 11:04:08.221,0.20171,0.20201,0.13,0.02
2016.07.15 11:04:12.476,0.20178,0.20208,0.02,0.13
2016.07.15 11:04:12.577,0.20176,0.20206,0.08,0.02
2016.07.15 11:04:13.089,0.20177,0.20207,0.06,0.01
2016.07.15 11:04:40.125,0.20177,0.20207,0.04,0.01
2016.07.15 11:04:40.456,0.20181,0.20211,0.02,0.06
2016.07.15 11:04:40.976,0.20182,0.20212,0.02,0.06
2016.07.15 11:04:47.929,0.20181,0.20211,0.02,0.06
2016.07.15 11:04:53.789,0.20186,0.20216,0.02,0.19
2016.07.15 11:04:53.940,0.20182,0.20212,0.02,0.05
2016.07.15 11:05:02.007,0.20188,0.20218,0.02,0.19
2016.07.15 11:05:07.617,0.20186,0.20216,0.02,0.08
2016.07.15 11:05:08.319,0.20188,0.20218,0.02,0.16
2016.07.15 11:05:11.101,0.20182,0.20212,0.09,0.03
2016.07.15 11:06:08.404,0.20183,0.20213,0.06,0.04
2016.07.15 11:06:25.934,0.20178,0.20213,0.12,0.04
2016.07.15 11:06:26.135,0.20181,0.20211,0.02,0.04
2016.07.15 11:06:50.003,0.2018,0.2021,0.02,0.07
2016.07.15 11:06:55.760,0.20181,0.20211,0.02,0.08
2016.07.15 11:06:55.866,0.2018,0.2021,0.04,0.02
2016.07.15 11:07:28.762,0.20177,0.20207,0.02,0.03
2016.07.15 11:07:28.813,0.20174,0.20204,0.06,0.02
2016.07.15 11:07:34.637,0.20181,0.20211,0.02,0.14
2016.07.15 11:07:34.949,0.20178,0.20208,0.08,0.01
2016.07.15 11:07:47.608,0.20177,0.20207,0.02,0.03
2016.07.15 11:07:47.659,0.20181,0.20211,0.02,0.08
2016.07.15 11:07:48.063,0.20178,0.20208,0.02,0.08
2016.07.15 11:07:48.559,0.20181,0.20211,0.02,0.12
2016.07.15 11:07:48.610,0.20176,0.20206,0.06,0.02
2016.07.15 11:07:48.761,0.20178,0.20208,0.08,0.01
2016.07.15 11:07:53.372,0.20178,0.20208,0.08,0.05
2016.07.15 11:08:09.026,0.20178,0.20208,0.09,0.01
2016.07.15 11:08:18.581,0.20178,0.20208,0.02,0.08
2016.07.15 11:08:18.732,0.20176,0.20206,0.02,0.06
2016.07.15 11:08:19.311,0.20174,0.20204,0.02,0.06
2016.07.15 11:08:23.669,0.20168,0.20198,0.02,0.06
2016.07.15 11:08:23.770,0.20166,0.20197,0.06,0.05
2016.07.15 11:08:23.821,0.20165,0.20195,0.09,0.02
2016.07.15 11:08:23.871,0.20173,0.20203,0.02,0.14
2016.07.15 11:08:24.397,0.20169,0.20199,0.02,0.08
2016.07.15 11:08:42.086,0.20164,0.20194,0.17,0.02
2016.07.15 11:08:42.233,0.20168,0.20198,0.06,0.01
2016.07.15 11:08:42.462,0.20162,0.20194,0.13,0.04
2016.07.15 11:09:16.132,0.20166,0.20196,0.09,0.02
2016.07.15 11:09:22.712,0.20169,0.20199,0.02,0.07
2016.07.15 11:09:23.159,0.20176,0.20206,0.02,0.18
2016.07.15 11:09:23.260,0.20172,0.20202,0.02,0.03
2016.07.15 11:09:25.563,0.20178,0.20208,0.02,0.10
2016.07.15 11:10:09.983,0.20173,0.20203,0.02,0.08
2016.07.15 11:10:10.493,0.20171,0.20201,0.02,0.04
2016.07.15 11:10:16.693,0.20173,0.20203,0.02,0.01
2016.07.15 11:10:17.198,0.20176,0.20206,0.02,0.08
2016.07.15 11:10:21.887,0.20169,0.20199,0.09,0.02
2016.07.15 11:10:30.308,0.20176,0.20206,0.02,0.08
2016.07.15 11:10:44.626,0.20178,0.20208,0.02,0.16
2016.07.15 11:10:44.676,0.20174,0.20204,0.02,0.08
2016.07.15 11:11:11.670,0.20173,0.20203,0.02,0.08
2016.07.15 11:11:11.780,0.20173,0.20203,0.08,0.03
2016.07.15 11:11:12.313,0.20173,0.20203,0.08,0.01
2016.07.15 11:12:11.879,0.20173,0.20203,0.08,0.01
2016.07.15 11:12:13.659,0.20171,0.20202,0.08,0.03
2016.07.15 11:12:13.764,0.20171,0.20201,0.02,0.04
2016.07.15 11:12:14.915,0.20174,0.20204,0.02,0.08
2016.07.15 11:12:15.016,0.20176,0.20206,0.04,0.13
2016.07.15 11:12:15.117,0.20178,0.20208,0.02,0.10
2016.07.15 11:12:41.678,0.20181,0.20211,0.02,0.20
2016.07.15 11:12:41.728,0.20178,0.20208,0.04,0.08
2016.07.15 11:12:41.779,0.20183,0.20213,0.02,0.14
2016.07.15 11:13:41.902,0.20178,0.20208,0.05,0.01
2016.07.15 11:13:46.184,0.20181,0.20211,0.02,0.02
2016.07.15 11:13:53.690,0.2018,0.2021,0.02,0.04
2016.07.15 11:15:18.951,0.20181,0.20211,0.02,0.04
2016.07.15 11:15:53.479,0.20179,0.20209,0.04,0.02
2016.07.15 11:15:53.580,0.20177,0.2021,0.12,0.02
2016.07.15 11:15:53.647,0.20183,0.20213,0.02,0.08
2016.07.15 11:15:54.762,0.20182,0.20212,0.04,0.03
2016.07.15 11:15:54.812,0.20179,0.20211,0.06,0.02
2016.07.15 11:15:54.863,0.20183,0.20213,0.02,0.08
2016.07.15 11:15:55.769,0.20182,0.20212,0.04,0.03
2016.07.15 11:15:56.051,0.20183,0.20213,0.02,0.08
2016.07.15 11:15:56.771,0.2018,0.2021,0.08,0.02
2016.07.15 11:15:57.073,0.20183,0.20213,0.02,0.08
2016.07.15 11:15:57.746,0.20179,0.20209,0.04,0.04
2016.07.15 11:15:57.796,0.20182,0.20212,0.04,0.05
2016.07.15 11:15:57.973,0.20177,0.20209,0.13,0.02
2016.07.15 11:15:58.775,0.20182,0.20212,0.04,0.05
2016.07.15 11:15:58.976,0.20182,0.20212,0.02,0.03
2016.07.15 11:15:59.859,0.20183,0.20213,0.02,0.10
2016.07.15 11:16:15.380,0.20188,0.20218,0.02,0.16
2016.07.15 11:16:15.960,0.20183,0.20213,0.11,0.01
2016.07.15 11:17:15.473,0.20183,0.20213,0.08,0.01
2016.07.15 11:17:37.435,0.20182,0.20212,0.02,0.05
2016.07.15 11:17:37.514,0.20178,0.2021,0.09,0.02
2016.07.15 11:17:38.030,0.2018,0.2021,0.04,0.02
2016.07.15 11:18:16.139,0.20186,0.20216,0.02,0.08
2016.07.15 11:18:16.486,0.20184,0.20214,0.02,0.08
2016.07.15 11:18:19.410,0.20182,0.20212,0.02,0.05
2016.07.15 11:18:19.744,0.20181,0.20211,0.02,0.06
2016.07.15 11:18:44.769,0.20188,0.20218,0.02,0.19
2016.07.15 11:18:45.000,0.20185,0.20215,0.02,0.07
2016.07.15 11:18:52.977,0.20178,0.20212,0.13,0.01
2016.07.15 11:18:53.083,0.20179,0.20209,0.06,0.02
2016.07.15 11:19:05.994,0.20179,0.20209,0.02,0.04
2016.07.15 11:19:06.668,0.20181,0.20211,0.02,0.02
2016.07.15 11:19:15.345,0.20177,0.20208,0.13,0.02
2016.07.15 11:19:31.270,0.20181,0.20211,0.02,0.06
2016.07.15 11:19:31.321,0.20186,0.20216,0.02,0.08
2016.07.15 11:19:31.372,0.20182,0.20212,0.04,0.03
2016.07.15 11:19:31.523,0.20178,0.20209,0.13,0.02
2016.07.15 11:19:41.964,0.2018,0.2021,0.02,0.06
2016.07.15 11:19:54.855,0.20174,0.20204,0.09,0.02
2016.07.15 11:19:55.343,0.20181,0.20211,0.02,0.15
2016.07.15 11:19:55.393,0.20175,0.20205,0.06,0.02
2016.07.15 11:19:55.444,0.20183,0.20213,0.02,0.12
2016.07.15 11:19:55.964,0.20178,0.20208,0.06,0.01
2016.07.15 11:20:05.483,0.20178,0.20208,0.10,0.02
2016.07.15 11:20:09.737,0.20179,0.20209,0.02,0.06
2016.07.15 11:20:11.261,0.20174,0.20204,0.16,0.02
2016.07.15 11:20:11.838,0.20177,0.20207,0.02,0.09
2016.07.15 11:20:36.037,0.20181,0.20211,0.02,0.08
2016.07.15 11:20:38.201,0.20183,0.20213,0.02,0.12
2016.07.15 11:20:38.702,0.2018,0.2021,0.02,0.04
2016.07.15 11:20:43.229,0.20178,0.20208,0.12,0.02
2016.07.15 11:20:45.974,0.20186,0.20216,0.02,0.12
2016.07.15 11:20:46.025,0.20183,0.20213,0.02,0.08
2016.07.15 11:20:46.537,0.20181,0.20211,0.02,0.06
2016.07.15 11:21:03.657,0.20181,0.20211,0.04,0.02
2016.07.15 11:21:03.758,0.20182,0.20212,0.04,0.03
2016.07.15 11:21:06.212,0.20178,0.20209,0.11,0.04
2016.07.15 11:21:34.931,0.20179,0.20209,0.06,0.04
2016.07.15 11:21:34.982,0.20183,0.20213,0.04,0.06
2016.07.15 11:21:35.183,0.20182,0.20212,0.04,0.03
2016.07.15 11:21:35.385,0.20181,0.20212,0.04,0.01
2016.07.15 11:21:35.586,0.20186,0.20216,0.02,0.08
2016.07.15 11:21:35.891,0.20182,0.20212,0.04,0.01
2016.07.15 11:21:36.367,0.20186,0.20216,0.02,0.08
2016.07.15 11:21:37.111,0.2018,0.2021,0.09,0.02
2016.07.15 11:21:37.521,0.20184,0.20214,0.02,0.08
2016.07.15 11:22:05.527,0.20186,0.20216,0.02,0.06
2016.07.15 11:22:05.628,0.20193,0.20223,0.02,0.12
2016.07.15 11:22:06.137,0.20193,0.20223,0.02,0.12
2016.07.15 11:22:16.318,0.20187,0.20219,0.13,0.04
2016.07.15 11:23:05.699,0.2019,0.2022,0.02,0.02
2016.07.15 11:23:07.975,0.20191,0.20221,0.02,0.04
2016.07.15 11:23:24.710,0.20192,0.20222,0.02,0.07
2016.07.15 11:23:27.803,0.20198,0.20228,0.02,0.12
2016.07.15 11:23:36.577,0.20189,0.20223,0.10,0.04
2016.07.15 11:23:36.627,0.20192,0.20222,0.06,0.03
2016.07.15 11:23:36.728,0.20188,0.20219,0.05,0.02
2016.07.15 11:23:37.008,0.20189,0.20219,0.05,0.02
2016.07.15 11:23:37.058,0.20189,0.20219,0.05,0.02
2016.07.15 11:23:37.794,0.20193,0.20223,0.02,0.05
2016.07.15 11:23:41.825,0.20196,0.20226,0.02,0.08
2016.07.15 11:23:41.884,0.20192,0.20222,0.02,0.07
2016.07.15 11:23:42.035,0.20193,0.20223,0.02,0.10
2016.07.15 11:23:45.923,0.20196,0.20226,0.02,0.12
2016.07.15 11:23:46.263,0.20189,0.20221,0.09,0.02
2016.07.15 11:23:46.314,0.20193,0.20223,0.04,0.04
2016.07.15 11:23:46.832,0.2019,0.20221,0.09,0.02
2016.07.15 11:24:00.003,0.20188,0.20222,0.15,0.03
2016.07.15 11:24:00.053,0.20192,0.20222,0.02,0.03
2016.07.15 11:24:00.605,0.20191,0.20221,0.02,0.02
2016.07.15 11:24:01.124,0.20198,0.20228,0.02,0.12
2016.07.15 11:24:01.225,0.20196,0.20226,0.02,0.08
2016.07.15 11:24:02.749,0.20188,0.20221,0.13,0.02
2016.07.15 11:24:02.850,0.20193,0.20223,0.02,0.08
2016.07.15 11:24:03.513,0.20196,0.20226,0.02,0.19
2016.07.15 11:24:13.127,0.20189,0.20219,0.09,0.02
2016.07.15 11:24:16.176,0.20196,0.20226,0.02,0.15
2016.07.15 11:24:17.168,0.20191,0.20221,0.04,0.02
2016.07.15 11:24:17.269,0.20195,0.20225,0.02,0.02
2016.07.15 11:24:20.835,0.20196,0.20226,0.02,0.08
2016.07.15 11:24:21.360,0.20189,0.20221,0.13,0.02
2016.07.15 11:24:23.464,0.20194,0.20224,0.04,0.04
2016.07.15 11:24:29.083,0.20193,0.20223,0.02,0.06
2016.07.15 11:24:29.184,0.20191,0.20221,0.02,0.06
2016.07.15 11:25:14.265,0.20185,0.20217,0.09,0.03
2016.07.15 11:25:14.534,0.20187,0.20217,0.04,0.01
2016.07.15 11:26:09.689,0.20187,0.20217,0.02,0.05
2016.07.15 11:26:13.275,0.20193,0.20223,0.02,0.19
2016.07.15 11:26:13.376,0.20188,0.20218,0.08,0.06
2016.07.15 11:26:18.530,0.20184,0.20217,0.09,0.03
2016.07.15 11:26:18.581,0.20191,0.20221,0.02,0.08
2016.07.15 11:26:18.682,0.20188,0.20218,0.02,0.08
2016.07.15 11:26:18.988,0.20191,0.20221,0.02,0.12
2016.07.15 11:26:19.598,0.20187,0.20217,0.02,0.05
2016.07.15 11:26:25.010,0.20183,0.20214,0.11,0.02
2016.07.15 11:26:38.338,0.20182,0.20212,0.08,0.01
2016.07.15 11:26:38.389,0.20179,0.20209,0.10,0.02
2016.07.15 11:26:38.439,0.20181,0.20211,0.10,0.02
2016.07.15 11:26:38.490,0.20188,0.20218,0.02,0.14
2016.07.15 11:26:39.039,0.20186,0.20216,0.02,0.08
2016.07.15 11:26:40.986,0.20185,0.20215,0.04,0.02
2016.07.15 11:26:45.026,0.2019,0.2022,0.02,0.04
2016.07.15 11:26:49.597,0.20196,0.20226,0.02,0.20
2016.07.15 11:26:49.647,0.20188,0.20218,0.09,0.02
2016.07.15 11:26:49.698,0.20193,0.20223,0.02,0.08
2016.07.15 11:26:50.305,0.20188,0.20218,0.04,0.02
2016.07.15 11:27:48.194,0.20188,0.20218,0.02,0.05
2016.07.15 11:27:48.295,0.20186,0.20216,0.02,0.06
2016.07.15 11:28:48.395,0.20183,0.20214,0.09,0.02
2016.07.15 11:28:58.432,0.20191,0.20221,0.02,0.19
2016.07.15 11:28:58.597,0.20188,0.20218,0.06,0.08
2016.07.15 11:28:58.649,0.20193,0.20223,0.02,0.12
2016.07.15 11:29:09.855,0.20191,0.20221,0.02,0.08
2016.07.15 11:29:09.956,0.20193,0.20223,0.02,0.12
2016.07.15 11:29:10.384,0.20187,0.20217,0.04,0.05
2016.07.15 11:29:13.222,0.20183,0.20213,0.04,0.03
2016.07.15 11:29:13.273,0.20188,0.20218,0.02,0.15
2016.07.15 11:29:13.374,0.20183,0.20213,0.02,0.08
2016.07.15 11:29:13.878,0.20179,0.20209,0.02,0.04
2016.07.15 11:29:31.324,0.20181,0.20211,0.02,0.02
2016.07.15 11:29:52.016,0.20179,0.20209,0.02,0.04
2016.07.15 11:29:52.571,0.2018,0.2021,0.04,0.02
2016.07.15 11:29:56.585,0.20186,0.20216,0.02,0.12
2016.07.15 11:30:00.296,0.20181,0.20212,0.09,0.03
2016.07.15 11:30:00.877,0.20183,0.20213,0.08,0.05
2016.07.15 11:30:05.147,0.20181,0.20211,0.02,0.02
2016.07.15 11:30:05.198,0.20182,0.20212,0.02,0.05
2016.07.15 11:30:05.877,0.20182,0.20212,0.04,0.03
2016.07.15 11:30:09.709,0.20188,0.20218,0.02,0.16
2016.07.15 11:30:10.335,0.20184,0.20214,0.02,0.06
2016.07.15 11:30:14.916,0.20186,0.20216,0.02,0.08
2016.07.15 11:30:15.476,0.20182,0.20212,0.02,0.05
2016.07.15 11:30:21.933,0.20179,0.2021,0.09,0.02
2016.07.15 11:30:22.074,0.20183,0.20213,0.02,0.10
2016.07.15 11:30:22.616,0.20182,0.20212,0.02,0.05
2016.07.15 11:31:14.778,0.2018,0.2021,0.02,0.06
2016.07.15 11:31:22.173,0.2018,0.2021,0.02,0.04
2016.07.15 11:31:35.736,0.20179,0.20209,0.02,0.02
2016.07.15 11:31:37.522,0.2018,0.2021,0.02,0.04
2016.07.15 11:31:42.324,0.20179,0.20209,0.02,0.02
2016.07.15 11:31:50.851,0.2018,0.2021,0.02,0.02
2016.07.15 11:31:54.053,0.20181,0.20211,0.02,0.04
2016.07.15 11:31:55.379,0.20179,0.20209,0.02,0.02
2016.07.15 11:31:56.053,0.2018,0.2021,0.02,0.04
2016.07.15 11:31:56.796,0.20181,0.20211,0.02,0.06
2016.07.15 11:31:56.897,0.20178,0.20208,0.02,0.10
2016.07.15 11:31:57.582,0.20174,0.20204,0.02,0.08
2016.07.15 11:31:58.900,0.20176,0.20206,0.02,0.11
2016.07.15 11:31:59.001,0.20169,0.20199,0.06,0.02
2016.07.15 11:32:01.445,0.20168,0.20198,0.11,0.01
2016.07.15 11:32:08.519,0.20171,0.20201,0.02,0.06
2016.07.15 11:32:09.742,0.20164,0.20199,0.16,0.04
2016.07.15 11:32:09.843,0.2017,0.202,0.02,0.15
2016.07.15 11:32:10.038,0.20163,0.20193,0.09,0.01
2016.07.15 11:32:39.449,0.20166,0.20196,0.02,0.08
2016.07.15 11:32:40.824,0.20159,0.20189,0.09,0.02
2016.07.15 11:32:40.925,0.20166,0.20196,0.02,0.08
2016.07.15 11:32:49.558,0.20168,0.20198,0.02,0.16
2016.07.15 11:32:50.080,0.20165,0.20195,0.02,0.06
2016.07.15 11:33:22.457,0.20161,0.20193,0.10,0.04
2016.07.15 11:33:22.508,0.20164,0.20194,0.02,0.07
2016.07.15 11:33:25.728,0.20168,0.20198,0.02,0.12
2016.07.15 11:33:26.767,0.20166,0.20196,0.02,0.08
2016.07.15 11:33:32.697,0.2016,0.2019,0.09,0.02
2016.07.15 11:33:32.974,0.20166,0.20196,0.02,0.12
2016.07.15 11:33:34.067,0.20163,0.20193,0.02,0.10
2016.07.15 11:33:36.201,0.20166,0.20196,0.02,0.13
2016.07.15 11:33:49.433,0.20162,0.20192,0.09,0.03
2016.07.15 11:33:52.238,0.20161,0.20191,0.09,0.02
2016.07.15 11:33:52.393,0.20166,0.20196,0.02,0.08
2016.07.15 11:33:54.041,0.20162,0.20192,0.02,0.05
2016.07.15 11:33:54.925,0.20168,0.20198,0.02,0.16
2016.07.15 11:33:54.975,0.20164,0.20194,0.02,0.05
2016.07.15 11:33:55.655,0.20162,0.20192,0.02,0.03
2016.07.15 11:33:55.706,0.20166,0.20196,0.02,0.12
2016.07.15 11:33:55.907,0.20168,0.20198,0.02,0.12
2016.07.15 11:33:56.529,0.20164,0.20194,0.02,0.05
2016.07.15 11:34:27.534,0.20164,0.20194,0.02,0.05
2016.07.15 11:34:28.112,0.20165,0.20195,0.02,0.10
2016.07.15 11:34:37.080,0.20167,0.20197,0.02,0.12
2016.07.15 11:34:37.181,0.20169,0.20199,0.02,0.12
2016.07.15 11:34:37.790,0.20168,0.20198,0.09,0.02
2016.07.15 11:34:38.045,0.20172,0.20202,0.02,0.12
2016.07.15 11:34:58.385,0.20174,0.20204,0.02,0.08
2016.07.15 11:34:59.569,0.20168,0.20198,0.13,0.02
2016.07.15 11:35:06.093,0.20174,0.20204,0.02,0.08
2016.07.15 11:35:09.212,0.20172,0.20202,0.02,0.12
2016.07.15 11:35:17.890,0.20174,0.20204,0.02,0.14
2016.07.15 11:35:18.203,0.20174,0.20204,0.02,0.06
2016.07.15 11:35:36.009,0.20173,0.20203,0.08,0.06
2016.07.15 11:35:42.072,0.20174,0.20204,0.02,0.06
2016.07.15 11:36:18.331,0.20174,0.20204,0.02,0.04
2016.07.15 11:36:21.726,0.20175,0.20205,0.02,0.03
2016.07.15 11:36:27.219,0.20177,0.20207,0.01,0.04
2016.07.15 11:36:27.540,0.20178,0.20208,0.08,0.01
2016.07.15 11:36:32.780,0.20186,0.20216,0.02,0.08
2016.07.15 11:36:32.974,0.20183,0.20213,0.02,0.08
2016.07.15 11:36:33.288,0.20186,0.20216,0.02,0.12
2016.07.15 11:36:33.389,0.20183,0.20213,0.02,0.08
2016.07.15 11:36:34.091,0.20178,0.20209,0.11,0.04
2016.07.15 11:36:41.382,0.20186,0.20216,0.02,0.19
2016.07.15 11:36:41.584,0.20183,0.20213,0.02,0.08
2016.07.15 11:36:59.616,0.20186,0.20216,0.02,0.17
2016.07.15 11:36:59.940,0.20184,0.20214,0.02,0.06
2016.07.15 11:37:13.817,0.20183,0.20213,0.09,0.03
2016.07.15 11:37:21.326,0.20191,0.20221,0.02,0.22
2016.07.15 11:37:21.477,0.20186,0.20217,0.11,0.02
2016.07.15 11:37:21.661,0.20189,0.20219,0.02,0.07
2016.07.15 11:37:37.744,0.20196,0.20226,0.02,0.22
2016.07.15 11:37:37.795,0.20189,0.20221,0.08,0.02
2016.07.15 11:37:37.946,0.20193,0.20223,0.02,0.08
2016.07.15 11:37:38.047,0.2019,0.2022,0.02,0.06
2016.07.15 11:37:38.555,0.2019,0.2022,0.02,0.06
2016.07.15 11:38:05.877,0.20198,0.20228,0.02,0.24
2016.07.15 11:38:05.927,0.2019,0.2022,0.09,0.02
2016.07.15 11:38:05.978,0.20196,0.20226,0.02,0.08
2016.07.15 11:38:06.529,0.20192,0.20222,0.02,0.07
2016.07.15 11:38:12.786,0.20198,0.20228,0.02,0.12
2016.07.15 11:38:12.836,0.20194,0.20224,0.04,0.04
2016.07.15 11:38:16.411,0.20196,0.20226,0.02,0.05
2016.07.15 11:39:12.907,0.20193,0.20224,0.06,0.02
2016.07.15 11:39:58.632,0.20198,0.20228,0.04,0.02
2016.07.15 11:39:58.683,0.20198,0.20228,0.04,0.05
2016.07.15 11:40:00.327,0.20201,0.20231,0.02,0.08
2016.07.15 11:40:00.377,0.20194,0.20227,0.14,0.04
2016.07.15 11:40:00.902,0.20203,0.20233,0.02,0.12
2016.07.15 11:40:01.033,0.20201,0.20231,0.02,0.02
2016.07.15 11:40:02.562,0.20198,0.20228,0.11,0.04
2016.07.15 11:40:14.517,0.20194,0.20224,0.16,0.02
2016.07.15 11:40:14.859,0.20197,0.20227,0.02,0.09
2016.07.15 11:40:15.184,0.20195,0.20225,0.04,0.02
2016.07.15 11:40:15.235,0.20197,0.20227,0.04,0.06
2016.07.15 11:40:15.649,0.20196,0.20226,0.09,0.02
2016.07.15 11:40:16.118,0.20201,0.20231,0.02,0.12
2016.07.15 11:40:25.929,0.20203,0.20233,0.02,0.19
2016.07.15 11:40:32.132,0.20197,0.20227,0.09,0.03
2016.07.15 11:41:03.285,0.20195,0.20229,0.14,0.04
2016.07.15 11:41:03.386,0.20198,0.20228,0.02,0.06
2016.07.15 11:41:03.495,0.20197,0.20227,0.04,0.01
2016.07.15 11:41:03.670,0.20201,0.20231,0.02,0.16
2016.07.15 11:41:03.771,0.20197,0.20227,0.02,0.07
2016.07.15 11:41:03.821,0.20193,0.20225,0.11,0.02
2016.07.15 11:41:03.872,0.20198,0.20228,0.02,0.08
2016.07.15 11:41:08.375,0.20201,0.20231,0.02,0.21
2016.07.15 11:41:08.875,0.20196,0.20227,0.06,0.01
2016.07.15 11:41:08.977,0.20201,0.20231,0.02,0.08
2016.07.15 11:41:11.378,0.20194,0.20224,0.11,0.02
2016.07.15 11:41:11.679,0.20198,0.20228,0.02,0.10
2016.07.15 11:41:12.195,0.20195,0.20225,0.06,0.02
2016.07.15 11:41:17.985,0.20198,0.20228,0.02,0.08
2016.07.15 11:41:18.035,0.20197,0.20227,0.02,0.07
2016.07.15 11:41:51.027,0.20201,0.20231,0.02,0.08
2016.07.15 11:41:51.374,0.20199,0.20229,0.04,0.04
2016.07.15 11:41:58.713,0.20193,0.20227,0.18,0.03
2016.07.15 11:41:58.834,0.20201,0.20231,0.02,0.12
2016.07.15 11:41:59.241,0.20203,0.20233,0.02,0.16
2016.07.15 11:41:59.292,0.20195,0.20225,0.10,0.02
2016.07.15 11:41:59.892,0.20199,0.20229,0.02,0.08
2016.07.15 11:42:06.241,0.20201,0.20231,0.02,0.08
2016.07.15 11:42:06.768,0.20195,0.20225,0.04,0.02
2016.07.15 11:42:22.253,0.20195,0.20225,0.08,0.02
2016.07.15 11:42:23.658,0.20203,0.20233,0.02,0.16
2016.07.15 11:42:24.174,0.20199,0.20229,0.02,0.06
2016.07.15 11:42:32.262,0.20193,0.20227,0.18,0.03
2016.07.15 11:42:32.313,0.20201,0.20231,0.02,0.12
2016.07.15 11:42:36.002,0.20195,0.20225,0.09,0.02
2016.07.15 11:42:36.573,0.20201,0.20231,0.02,0.08
2016.07.15 11:42:37.762,0.20195,0.20226,0.09,0.02
2016.07.15 11:42:38.288,0.20203,0.20233,0.02,0.16
2016.07.15 11:43:00.397,0.20201,0.20231,0.02,0.08
2016.07.15 11:43:02.634,0.20193,0.20224,0.11,0.02
2016.07.15 11:43:09.147,0.2019,0.20222,0.13,0.02
2016.07.15 11:43:10.751,0.20193,0.20223,0.09,0.03
2016.07.15 11:43:13.208,0.20192,0.20223,0.11,0.04
2016.07.15 11:43:13.259,0.20196,0.20226,0.04,0.08
2016.07.15 11:43:13.360,0.20198,0.20228,0.02,0.12
2016.07.15 11:43:44.360,0.20201,0.20231,0.02,0.15
2016.07.15 11:43:44.461,0.20192,0.20224,0.12,0.02
2016.07.15 11:43:48.980,0.20194,0.20224,0.06,0.02
2016.07.15 11:43:49.081,0.20201,0.20231,0.02,0.12
2016.07.15 11:44:01.490,0.20203,0.20233,0.02,0.19
2016.07.15 11:44:01.592,0.20193,0.20224,0.15,0.02
2016.07.15 11:44:05.798,0.20191,0.20222,0.08,0.02
2016.07.15 11:44:06.099,0.20196,0.20226,0.02,0.02
2016.07.15 11:44:12.724,0.20192,0.20224,0.12,0.04
2016.07.15 11:44:44.279,0.20196,0.20226,0.02,0.06
2016.07.15 11:44:44.330,0.20195,0.20225,0.04,0.02
2016.07.15 11:44:44.665,0.202,0.2023,0.04,0.04
2016.07.15 11:45:14.321,0.20195,0.20227,0.09,0.03
2016.07.15 11:45:14.372,0.20197,0.20227,0.06,0.05
2016.07.15 11:45:15.669,0.20203,0.20233,0.02,0.16
2016.07.15 11:45:48.177,0.20201,0.20231,0.02,0.08
2016.07.15 11:45:51.411,0.20203,0.20233,0.02,0.12
2016.07.15 11:45:51.512,0.20201,0.20231,0.02,0.08
2016.07.15 11:45:53.134,0.20195,0.20227,0.13,0.05
2016.07.15 11:45:54.343,0.20193,0.20226,0.16,0.02
2016.07.15 11:45:54.394,0.20197,0.20227,0.04,0.05
2016.07.15 11:45:54.784,0.20201,0.20231,0.02,0.19
2016.07.15 11:45:54.912,0.20196,0.20226,0.06,0.02
2016.07.15 11:45:55.013,0.20198,0.20228,0.06,0.06
2016.07.15 11:46:02.593,0.20198,0.20228,0.11,0.01
2016.07.15 11:46:04.419,0.20197,0.20227,0.06,0.03
2016.07.15 11:46:04.469,0.20195,0.20227,0.09,0.03
2016.07.15 11:46:04.623,0.20197,0.20227,0.02,0.07
2016.07.15 11:46:15.133,0.20196,0.20226,0.02,0.06
2016.07.15 11:46:15.234,0.20203,0.20233,0.02,0.14
2016.07.15 11:46:15.852,0.20198,0.20228,0.06,0.04
2016.07.15 11:46:27.938,0.20198,0.20229,0.11,0.04
2016.07.15 11:46:27.988,0.20202,0.20232,0.02,0.05
2016.07.15 11:46:28.039,0.20202,0.20232,0.02,0.05
2016.07.15 11:46:28.725,0.20203,0.20233,0.04,0.04
2016.07.15 11:47:15.090,0.20203,0.20233,0.11,0.01
2016.07.15 11:47:28.085,0.20206,0.20236,0.02,0.04
2016.07.15 11:48:23.810,0.20205,0.20235,0.02,0.02
2016.07.15 11:48:24.569,0.20206,0.20236,0.02,0.04
2016.07.15 11:48:36.876,0.20205,0.20235,0.02,0.04
2016.07.15 11:48:37.486,0.20206,0.20236,0.02,0.04
2016.07.15 11:49:28.720,0.20207,0.20237,0.02,0.05
2016.07.15 11:49:29.417,0.20208,0.20238,0.02,0.06
2016.07.15 11:49:34.028,0.20207,0.20237,0.02,0.03
2016.07.15 11:49:35.831,0.20206,0.20236,0.02,0.04
2016.07.15 11:49:49.490,0.20208,0.20238,0.02,0.06
2016.07.15 11:49:52.194,0.20207,0.20237,0.02,0.05
2016.07.15 11:50:16.696,0.20204,0.20235,0.04,0.02
2016.07.15 11:50:18.570,0.20207,0.20237,0.02,0.03
2016.07.15 11:50:30.523,0.20206,0.20236,0.02,0.04
2016.07.15 11:50:38.269,0.20207,0.20237,0.02,0.03
2016.07.15 11:50:49.696,0.20208,0.20238,0.02,0.06
2016.07.15 11:50:53.965,0.20207,0.20237,0.02,0.03
2016.07.15 11:51:12.735,0.20208,0.20238,0.02,0.06
2016.07.15 11:51:13.132,0.20211,0.20241,0.02,0.06
2016.07.15 11:51:29.845,0.20204,0.20238,0.15,0.01
2016.07.15 11:51:29.895,0.20209,0.20239,0.02,0.06
2016.07.15 11:51:30.003,0.20206,0.20236,0.02,0.06
2016.07.15 11:51:32.074,0.20211,0.20241,0.02,0.16
2016.07.15 11:51:32.175,0.20203,0.20233,0.11,0.02
2016.07.15 11:51:32.310,0.20204,0.20234,0.06,0.02
2016.07.15 11:51:32.817,0.20206,0.20236,0.06,0.02
2016.07.15 11:51:32.918,0.20213,0.20243,0.02,0.12
2016.07.15 11:51:34.701,0.202,0.20234,0.11,0.02
2016.07.15 11:51:35.101,0.20203,0.20233,0.02,0.01
2016.07.15 11:51:36.103,0.20205,0.20235,0.04,0.02
2016.07.15 11:51:36.788,0.20202,0.20232,0.09,0.02
2016.07.15 11:51:38.106,0.20205,0.20235,0.04,0.02
2016.07.15 11:51:38.722,0.20201,0.20231,0.08,0.02
2016.07.15 11:51:41.412,0.20205,0.20235,0.04,0.02
2016.07.15 11:52:06.610,0.20205,0.20235,0.08,0.02
2016.07.15 11:52:06.950,0.20208,0.20238,0.08,0.04
2016.07.15 11:52:12.660,0.20204,0.20234,0.14,0.02
2016.07.15 11:52:12.861,0.20205,0.20235,0.02,0.06
2016.07.15 11:52:13.567,0.20203,0.20233,0.13,0.02
2016.07.15 11:52:14.315,0.20206,0.20236,0.02,0.06
2016.07.15 11:52:21.154,0.20207,0.20237,0.02,0.07
2016.07.15 11:52:21.739,0.20206,0.20236,0.04,0.02
2016.07.15 11:52:31.789,0.20204,0.20236,0.08,0.02
2016.07.15 11:52:31.890,0.20207,0.20237,0.02,0.06
2016.07.15 11:52:37.579,0.20213,0.20243,0.02,0.12
2016.07.15 11:52:37.730,0.20209,0.20239,0.02,0.05
2016.07.15 11:53:17.645,0.20212,0.20242,0.02,0.06
2016.07.15 11:53:17.696,0.20218,0.20248,0.02,0.12
2016.07.15 11:53:17.746,0.20215,0.20245,0.02,0.02
2016.07.15 11:53:18.003,0.20211,0.20241,0.06,0.02
2016.07.15 11:53:18.602,0.20212,0.20242,0.02,0.05
2016.07.15 11:53:20.711,0.20215,0.20245,0.02,0.02
2016.07.15 11:53:34.942,0.20214,0.20244,0.02,0.08
2016.07.15 11:53:35.243,0.20208,0.20238,0.15,0.02
2016.07.15 11:53:35.714,0.20208,0.20238,0.11,0.02
2016.07.15 11:53:36.325,0.20211,0.20241,0.02,0.04
2016.07.15 11:53:38.158,0.2021,0.2024,0.02,0.02
2016.07.15 11:53:41.799,0.20211,0.20241,0.02,0.04
2016.07.15 11:53:47.261,0.2021,0.2024,0.02,0.04
2016.07.15 11:53:47.764,0.20211,0.20241,0.02,0.04
2016.07.15 11:53:52.573,0.2021,0.2024,0.02,0.02
2016.07.15 11:53:54.088,0.20211,0.20241,0.02,0.04
2016.07.15 11:53:54.798,0.20212,0.20242,0.02,0.05
2016.07.15 11:53:55.365,0.20211,0.20241,0.02,0.02
2016.07.15 11:53:55.983,0.20212,0.20242,0.02,0.05
2016.07.15 11:53:56.134,0.20216,0.20246,0.02,0.16
2016.07.15 11:53:56.692,0.2021,0.20241,0.09,0.02
2016.07.15 11:53:58.942,0.20211,0.20241,0.04,0.02
2016.07.15 11:53:59.333,0.20218,0.20248,0.02,0.12
2016.07.15 11:53:59.994,0.20211,0.20241,0.11,0.02
2016.07.15 11:54:00.738,0.20213,0.20243,0.11,0.03
2016.07.15 11:54:01.349,0.20213,0.20243,0.04,0.08
2016.07.15 11:54:10.873,0.20218,0.20248,0.02,0.19
2016.07.15 11:54:11.050,0.20216,0.20246,0.02,0.08
2016.07.15 11:54:15.515,0.20209,0.20241,0.09,0.02
2016.07.15 11:54:15.569,0.20213,0.20243,0.02,0.08
2016.07.15 11:54:16.123,0.20213,0.20243,0.02,0.08
2016.07.15 11:54:19.145,0.20212,0.20242,0.04,0.05
2016.07.15 11:54:19.292,0.20216,0.20246,0.02,0.11
2016.07.15 11:54:19.796,0.20213,0.20243,0.04,0.03
2016.07.15 11:54:20.163,0.20218,0.20248,0.02,0.12
2016.07.15 11:54:24.528,0.20209,0.20243,0.15,0.04
2016.07.15 11:54:24.703,0.20212,0.20242,0.04,0.01
2016.07.15 11:54:26.419,0.20216,0.20246,0.02,0.08
2016.07.15 11:54:26.658,0.20214,0.20244,0.02,0.08
2016.07.15 11:54:26.834,0.20211,0.20241,0.06,0.02
2016.07.15 11:54:27.271,0.20218,0.20248,0.02,0.16
2016.07.15 11:54:27.821,0.20213,0.20243,0.09,0.01
2016.07.15 11:54:29.663,0.20211,0.20241,0.02,0.04
2016.07.15 11:54:29.922,0.20216,0.20246,0.02,0.08
2016.07.15 11:54:32.076,0.20218,0.20248,0.02,0.16
2016.07.15 11:54:32.176,0.20214,0.20244,0.02,0.05
2016.07.15 11:54:57.304,0.20216,0.20246,0.02,0.08
2016.07.15 11:54:57.355,0.20213,0.20243,0.04,0.08
2016.07.15 11:55:05.135,0.20213,0.20243,0.02,0.06
2016.07.15 11:55:06.524,0.20218,0.20248,0.02,0.16
2016.07.15 11:55:07.071,0.20214,0.20244,0.02,0.05
2016.07.15 11:55:07.383,0.20213,0.20243,0.15,0.02
2016.07.15 11:55:07.434,0.20218,0.20248,0.02,0.10
2016.07.15 11:55:09.127,0.20223,0.20253,0.02,0.24
2016.07.15 11:55:09.360,0.20218,0.20248,0.04,0.06
2016.07.15 11:55:26.127,0.2022,0.2025,0.02,0.06
2016.07.15 11:55:26.177,0.20223,0.20253,0.08,0.01
2016.07.15 11:55:26.228,0.20224,0.20254,0.02,0.07
2016.07.15 11:55:30.241,0.20222,0.20252,0.09,0.02
2016.07.15 11:55:30.892,0.20221,0.20251,0.11,0.02
2016.07.15 11:55:31.575,0.20224,0.20254,0.02,0.06
2016.07.15 11:55:34.598,0.20223,0.20253,0.09,0.02
2016.07.15 11:55:34.699,0.20223,0.20253,0.15,0.02
2016.07.15 11:55:37.371,0.20228,0.20258,0.02,0.08
2016.07.15 11:55:41.908,0.20226,0.20256,0.02,0.04
2016.07.15 11:55:42.103,0.20228,0.20258,0.02,0.10
2016.07.15 11:55:44.668,0.20231,0.20261,0.02,0.16
2016.07.15 11:55:44.768,0.20228,0.20258,0.02,0.10
2016.07.15 11:55:45.168,0.20226,0.20256,0.04,0.02
2016.07.15 11:55:45.319,0.20228,0.20258,0.08,0.03
2016.07.15 11:56:11.440,0.20233,0.20263,0.02,0.01
2016.07.15 11:56:11.491,0.20234,0.20264,0.02,0.09
2016.07.15 11:56:15.737,0.20233,0.20263,0.06,0.02
2016.07.15 11:56:34.037,0.20234,0.20264,0.02,0.04
2016.07.15 11:56:36.243,0.20235,0.20265,0.02,0.06
2016.07.15 11:56:40.790,0.20234,0.20264,0.02,0.04
2016.07.15 11:56:45.377,0.20233,0.20263,0.13,0.02
2016.07.15 11:56:45.503,0.20237,0.20267,0.04,0.05
2016.07.15 11:56:46.127,0.20236,0.20266,0.02,0.02
2016.07.15 11:56:47.937,0.20243,0.20273,0.02,0.19
2016.07.15 11:56:48.063,0.20236,0.20266,0.10,0.02
2016.07.15 11:56:54.745,0.20246,0.20276,0.02,0.22
2016.07.15 11:56:54.796,0.20243,0.20273,0.04,0.08
2016.07.15 11:56:54.846,0.20248,0.20278,0.02,0.16
2016.07.15 11:56:54.897,0.20248,0.20278,0.02,0.16
2016.07.15 11:56:55.688,0.20241,0.20271,0.11,0.02
2016.07.15 11:56:58.200,0.20245,0.20275,0.02,0.08
2016.07.15 11:57:10.743,0.20241,0.20271,0.10,0.02
2016.07.15 11:57:11.334,0.20244,0.20274,0.02,0.08
2016.07.15 11:57:18.958,0.20246,0.20276,0.02,0.08
2016.07.15 11:57:19.008,0.20239,0.2027,0.11,0.02
2016.07.15 11:57:19.059,0.20239,0.20269,0.11,0.02
2016.07.15 11:57:20.470,0.20238,0.20268,0.11,0.02
2016.07.15 11:57:21.296,0.20237,0.20268,0.11,0.02
2016.07.15 11:57:35.470,0.20246,0.20276,0.02,0.21
2016.07.15 11:57:35.521,0.20241,0.20271,0.02,0.04
2016.07.15 11:57:35.622,0.20243,0.20273,0.04,0.06
2016.07.15 11:57:35.672,0.20248,0.20278,0.02,0.12
2016.07.15 11:57:35.773,0.20246,0.20276,0.02,0.08
2016.07.15 11:57:40.802,0.20238,0.20269,0.13,0.02
2016.07.15 11:57:58.908,0.20246,0.20276,0.02,0.12
2016.07.15 11:57:58.958,0.20242,0.20272,0.02,0.07
2016.07.15 11:57:59.681,0.20241,0.20271,0.02,0.02
2016.07.15 11:58:01.994,0.20248,0.20278,0.02,0.16
2016.07.15 11:58:02.261,0.20244,0.20274,0.02,0.08
2016.07.15 11:59:01.956,0.20243,0.20273,0.06,0.04
2016.07.15 11:59:06.882,0.20246,0.20276,0.02,0.08
2016.07.15 11:59:07.683,0.20243,0.20273,0.02,0.06
2016.07.15 11:59:07.868,0.20239,0.20269,0.09,0.02
2016.07.15 11:59:09.417,0.20238,0.20268,0.11,0.02
2016.07.15 11:59:09.935,0.20241,0.20271,0.02,0.06
2016.07.15 11:59:17.502,0.20239,0.20269,0.02,0.04
2016.07.15 11:59:18.004,0.2024,0.2027,0.02,0.10
2016.07.15 11:59:26.192,0.20242,0.20272,0.02,0.12
2016.07.15 11:59:26.412,0.20244,0.20274,0.02,0.08
2016.07.15 11:59:27.122,0.20239,0.20269,0.04,0.02
2016.07.15 11:59:30.171,0.2024,0.2027,0.04,0.04
2016.07.15 11:59:30.752,0.20242,0.20272,0.02,0.10
2016.07.15 11:59:32.461,0.2024,0.2027,0.02,0.04
2016.07.15 11:59:34.503,0.20239,0.20269,0.02,0.04
2016.07.15 11:59:41.036,0.20239,0.20269,0.04,0.04
2016.07.15 11:59:41.588,0.2024,0.2027,0.02,0.08
2016.07.15 11:59:48.713,0.20239,0.20269,0.04,0.04
2016.07.15 11:59:49.392,0.2024,0.2027,0.02,0.06
