2017.05.31 01:00:00.020,0.17331,0.17356,0.35,0.03
2017.05.31 01:00:00.752,0.17329,0.17355,0.33,0.27
2017.05.31 01:00:00.802,0.17329,0.17355,0.33,0.26
2017.05.31 01:00:01.351,0.17332,0.17358,0.31,0.33
2017.05.31 01:00:01.955,0.17333,0.17359,0.13,0.37
2017.05.31 01:00:02.546,0.17333,0.17358,0.02,0.04
2017.05.31 01:00:04.435,0.17333,0.17356,0.25,0.04
2017.05.31 01:00:04.536,0.17332,0.17354,0.07,0.04
2017.05.31 01:00:04.988,0.17328,0.17354,0.40,0.40
2017.05.31 01:00:06.854,0.17326,0.17351,0.05,0.04
2017.05.31 01:00:07.169,0.17326,0.17352,0.42,0.34
2017.05.31 01:00:10.818,0.17328,0.17352,0.04,0.36
2017.05.31 01:00:10.981,0.17329,0.17355,0.32,0.24
2017.05.31 01:00:11.261,0.17332,0.17357,0.01,0.35
2017.05.31 01:00:11.650,0.17327,0.17353,0.29,0.31
2017.05.31 01:00:13.460,0.17326,0.17351,0.05,0.04
2017.05.31 01:00:15.224,0.17325,0.17349,0.27,0.04
2017.05.31 01:00:15.865,0.17325,0.17348,0.01,0.30
2017.05.31 01:00:16.195,0.17323,0.17348,0.04,0.33
2017.05.31 01:00:16.526,0.17325,0.17349,0.01,0.22
2017.05.31 01:00:20.538,0.17321,0.17345,0.33,0.04
2017.05.31 01:00:20.841,0.17322,0.17344,0.04,0.12
2017.05.31 01:00:20.904,0.17322,0.17347,0.04,0.28
2017.05.31 01:00:21.155,0.17323,0.17348,0.25,0.04
2017.05.31 01:00:21.240,0.17323,0.17348,0.26,0.04
2017.05.31 01:00:23.642,0.1732,0.17346,0.34,0.25
2017.05.31 01:00:23.793,0.17323,0.17348,0.11,0.04
2017.05.31 01:00:27.667,0.17321,0.17347,0.27,0.28
2017.05.31 01:00:27.795,0.17322,0.17348,0.04,0.01
2017.05.31 01:00:28.072,0.17324,0.17349,0.35,0.04
2017.05.31 01:00:28.123,0.17324,0.17349,0.08,0.04
2017.05.31 01:00:28.548,0.17322,0.17348,0.28,0.41
2017.05.31 01:00:28.699,0.17323,0.17349,0.31,0.38
2017.05.31 01:00:29.280,0.17324,0.1735,0.12,0.40
2017.05.31 01:00:29.586,0.17322,0.17348,0.32,0.38
2017.05.31 01:00:30.371,0.17322,0.17348,0.32,0.38
2017.05.31 01:00:30.472,0.17322,0.17348,0.32,0.39
2017.05.31 01:00:30.573,0.17323,0.17349,0.26,0.30
2017.05.31 01:00:30.674,0.17323,0.17349,0.26,0.30
2017.05.31 01:00:30.983,0.17325,0.17347,0.33,0.04
2017.05.31 01:00:31.034,0.17324,0.17347,0.04,0.03
2017.05.31 01:00:32.988,0.17321,0.17347,0.33,0.30
2017.05.31 01:00:33.038,0.17322,0.17348,0.04,0.01
2017.05.31 01:00:33.396,0.17324,0.17349,0.29,0.04
2017.05.31 01:00:33.597,0.17323,0.17349,0.27,0.34
2017.05.31 01:00:33.831,0.17322,0.17348,0.37,0.29
2017.05.31 01:00:33.983,0.17323,0.17349,0.05,0.31
2017.05.31 01:00:36.861,0.17325,0.17349,0.21,0.04
2017.05.31 01:00:37.249,0.17324,0.1735,0.29,0.31
2017.05.31 01:00:38.323,0.17325,0.17351,0.10,0.24
2017.05.31 01:00:38.653,0.17323,0.17349,0.27,0.37
2017.05.31 01:00:39.107,0.1732,0.17344,0.22,0.04
2017.05.31 01:00:39.208,0.17319,0.17344,0.34,0.04
2017.05.31 01:00:41.715,0.17316,0.17342,0.37,0.13
2017.05.31 01:00:41.867,0.17317,0.17342,0.37,0.04
2017.05.31 01:00:50.965,0.17312,0.17342,0.04,0.04
2017.05.31 01:00:51.408,0.17312,0.17342,0.04,0.03
2017.05.31 01:00:58.193,0.17309,0.17338,0.06,0.04
2017.05.31 01:00:58.300,0.17309,0.17338,0.06,0.04
2017.05.31 01:01:04.853,0.17305,0.17334,0.06,0.03
2017.05.31 01:01:05.406,0.17305,0.17334,0.04,0.04
2017.05.31 01:01:07.290,0.17305,0.17334,0.04,0.04
2017.05.31 01:01:07.438,0.17308,0.17336,0.04,0.02
2017.05.31 01:01:07.489,0.17305,0.17336,0.04,0.04
2017.05.31 01:01:11.929,0.17302,0.17332,0.04,0.04
2017.05.31 01:01:12.539,0.17302,0.17332,0.04,0.04
2017.05.31 01:01:12.690,0.17303,0.17334,0.04,0.06
2017.05.31 01:01:13.441,0.17303,0.17334,0.04,0.04
2017.05.31 01:01:13.870,0.173,0.1733,0.04,0.04
2017.05.31 01:01:26.033,0.17298,0.17327,0.04,0.04
2017.05.31 01:01:26.083,0.17293,0.17323,0.06,0.03
2017.05.31 01:01:28.450,0.17298,0.17325,0.04,0.02
2017.05.31 01:01:28.837,0.17298,0.17328,0.04,0.03
2017.05.31 01:01:31.760,0.173,0.1733,0.04,0.03
2017.05.31 01:01:32.089,0.17305,0.17335,0.04,0.04
2017.05.31 01:01:47.350,0.17313,0.17335,0.01,0.02
2017.05.31 01:01:47.719,0.1731,0.17339,0.04,0.04
2017.05.31 01:01:57.841,0.17313,0.17342,0.04,0.02
2017.05.31 01:01:58.163,0.17313,0.17344,0.04,0.04
2017.05.31 01:02:02.448,0.17317,0.17347,0.04,0.02
2017.05.31 01:02:02.845,0.17318,0.17349,0.04,0.04
2017.05.31 01:02:18.376,0.17315,0.17344,0.04,0.04
2017.05.31 01:02:19.307,0.17315,0.17344,0.04,0.04
2017.05.31 01:02:19.358,0.17318,0.17346,0.04,0.02
2017.05.31 01:02:23.364,0.17321,0.17344,0.39,0.03
2017.05.31 01:02:23.672,0.17316,0.17342,0.31,0.36
2017.05.31 01:02:34.155,0.17316,0.17342,0.31,0.36
2017.05.31 01:02:34.335,0.17319,0.17343,0.04,0.04
2017.05.31 01:02:34.509,0.17319,0.17345,0.04,0.08
2017.05.31 01:02:34.559,0.17319,0.17345,0.05,0.07
2017.05.31 01:02:34.610,0.1732,0.17345,0.30,0.04
2017.05.31 01:03:06.279,0.17313,0.17342,0.06,0.04
2017.05.31 01:03:06.899,0.17313,0.17342,0.04,0.02
2017.05.31 01:03:15.222,0.17313,0.17343,0.06,0.04
2017.05.31 01:03:15.558,0.17312,0.17339,0.03,0.04
2017.05.31 01:04:09.144,0.17313,0.17339,0.04,0.02
2017.05.31 01:04:09.485,0.17313,0.17342,0.04,0.02
2017.05.31 01:04:10.221,0.17313,0.17342,0.04,0.02
2017.05.31 01:04:10.272,0.1732,0.17344,0.04,0.02
2017.05.31 01:04:10.804,0.1732,0.17349,0.04,0.06
2017.05.31 01:04:48.425,0.17325,0.17349,0.04,0.02
2017.05.31 01:04:49.956,0.17325,0.17354,0.04,0.06
2017.05.31 01:04:50.119,0.17323,0.1735,0.03,0.04
2017.05.31 01:05:03.401,0.17319,0.17349,0.08,0.06
2017.05.31 01:05:03.553,0.17323,0.1735,0.04,0.02
2017.05.31 01:05:37.494,0.17323,0.17349,0.03,0.04
2017.05.31 01:05:37.646,0.1732,0.17349,0.03,0.04
2017.05.31 01:05:51.773,0.17318,0.17344,0.02,0.04
2017.05.31 01:05:51.898,0.17316,0.17344,0.03,0.04
2017.05.31 01:06:38.382,0.17313,0.17339,0.02,0.04
2017.05.31 01:06:38.485,0.17311,0.17339,0.03,0.04
2017.05.31 01:07:09.374,0.17313,0.17339,0.04,0.02
2017.05.31 01:07:12.371,0.17313,0.17338,0.04,0.04
2017.05.31 01:07:30.708,0.17308,0.17333,0.02,0.04
2017.05.31 01:08:30.865,0.17304,0.17333,0.02,0.03
2017.05.31 01:08:50.736,0.17303,0.17332,0.06,0.03
2017.05.31 01:08:53.171,0.17303,0.17333,0.06,0.03
2017.05.31 01:09:03.333,0.17304,0.17333,0.04,0.03
2017.05.31 01:09:04.064,0.17304,0.17334,0.04,0.05
2017.05.31 01:09:18.953,0.17304,0.17333,0.04,0.03
2017.05.31 01:09:24.415,0.17301,0.17328,0.02,0.04
2017.05.31 01:09:24.465,0.17301,0.17328,0.03,0.04
2017.05.31 01:10:24.647,0.17298,0.17328,0.08,0.03
2017.05.31 01:10:29.934,0.17298,0.17322,0.02,0.04
2017.05.31 01:10:30.419,0.17295,0.17323,0.03,0.04
2017.05.31 01:10:30.470,0.17297,0.17326,0.04,0.02
2017.05.31 01:10:31.028,0.17298,0.17323,0.02,0.04
2017.05.31 01:10:31.173,0.17295,0.17323,0.03,0.04
2017.05.31 01:10:40.939,0.17294,0.17317,0.02,0.04
2017.05.31 01:10:41.848,0.17288,0.17317,0.08,0.04
2017.05.31 01:10:42.540,0.17284,0.17313,0.03,0.04
2017.05.31 01:10:46.381,0.17287,0.17316,0.04,0.02
2017.05.31 01:10:59.424,0.17293,0.17321,0.04,0.02
2017.05.31 01:11:07.912,0.17293,0.1732,0.03,0.04
2017.05.31 01:11:09.233,0.1729,0.1732,0.04,0.05
2017.05.31 01:11:09.600,0.17293,0.17324,0.06,0.06
2017.05.31 01:11:11.387,0.17293,0.17324,0.08,0.06
2017.05.31 01:11:11.438,0.17293,0.1732,0.05,0.04
2017.05.31 01:11:16.131,0.1729,0.1732,0.04,0.05
2017.05.31 01:11:16.435,0.17305,0.17327,0.01,0.04
2017.05.31 01:12:16.659,0.17299,0.17329,0.04,0.05
2017.05.31 01:12:25.875,0.17299,0.17328,0.02,0.03
2017.05.31 01:12:34.045,0.17299,0.17324,0.02,0.04
2017.05.31 01:12:34.810,0.17298,0.17326,0.04,0.02
2017.05.31 01:12:36.940,0.17304,0.17329,0.04,0.02
2017.05.31 01:12:48.259,0.17308,0.17335,0.04,0.02
2017.05.31 01:12:48.594,0.17309,0.17339,0.04,0.06
2017.05.31 01:12:49.278,0.17309,0.17339,0.04,0.06
2017.05.31 01:12:53.598,0.17308,0.17335,0.03,0.03
2017.05.31 01:12:53.919,0.17303,0.17332,0.06,0.03
2017.05.31 01:13:14.055,0.17304,0.17328,0.02,0.04
2017.05.31 01:13:14.106,0.17304,0.17328,0.02,0.03
2017.05.31 01:14:11.203,0.173,0.17324,0.04,0.04
2017.05.31 01:14:52.269,0.17295,0.17319,0.04,0.04
2017.05.31 01:14:52.657,0.17293,0.17321,0.08,0.02
2017.05.31 01:14:53.451,0.17293,0.17319,0.05,0.04
2017.05.31 01:14:54.182,0.17291,0.17319,0.03,0.05
2017.05.31 01:14:54.599,0.17295,0.1732,0.02,0.04
2017.05.31 01:14:55.458,0.17293,0.1732,0.03,0.02
2017.05.31 01:14:55.778,0.17293,0.1732,0.03,0.04
2017.05.31 01:14:59.118,0.17292,0.17319,0.02,0.03
2017.05.31 01:14:59.169,0.17291,0.17313,0.02,0.04
2017.05.31 01:14:59.788,0.17285,0.17313,0.05,0.06
2017.05.31 01:15:04.279,0.17286,0.17313,0.03,0.04
2017.05.31 01:15:04.797,0.17288,0.17316,0.05,0.06
2017.05.31 01:15:06.883,0.17288,0.17314,0.05,0.04
2017.05.31 01:15:13.650,0.17284,0.17313,0.03,0.04
2017.05.31 01:15:14.227,0.17284,0.17313,0.04,0.06
2017.05.31 01:15:15.364,0.17284,0.17313,0.06,0.04
2017.05.31 01:15:15.907,0.17279,0.17309,0.08,0.04
2017.05.31 01:15:36.170,0.17281,0.1731,0.04,0.02
2017.05.31 01:15:36.477,0.17281,0.1731,0.03,0.04
2017.05.31 01:15:42.161,0.17288,0.17311,0.01,0.02
2017.05.31 01:15:42.506,0.17285,0.17314,0.04,0.06
2017.05.31 01:15:43.431,0.17285,0.17314,0.04,0.06
2017.05.31 01:15:43.583,0.17283,0.17313,0.04,0.05
2017.05.31 01:15:58.294,0.17283,0.17309,0.03,0.03
2017.05.31 01:15:58.799,0.1728,0.17309,0.04,0.04
2017.05.31 01:16:29.269,0.1728,0.17305,0.04,0.04
2017.05.31 01:17:15.648,0.17276,0.17299,0.02,0.03
2017.05.31 01:17:15.989,0.17271,0.17299,0.03,0.06
2017.05.31 01:17:26.212,0.17274,0.17303,0.04,0.04
2017.05.31 01:17:32.388,0.17279,0.17309,0.04,0.04
2017.05.31 01:17:35.506,0.17279,0.17307,0.08,0.02
2017.05.31 01:17:35.590,0.17279,0.17307,0.08,0.02
2017.05.31 01:18:13.656,0.17285,0.17311,0.04,0.02
2017.05.31 01:18:22.198,0.17284,0.17311,0.03,0.04
2017.05.31 01:18:37.060,0.17283,0.1731,0.04,0.02
2017.05.31 01:18:46.979,0.17284,0.17311,0.03,0.04
2017.05.31 01:18:47.467,0.17281,0.17311,0.04,0.06
2017.05.31 01:18:47.781,0.17284,0.17314,0.04,0.06
2017.05.31 01:18:48.467,0.17288,0.17314,0.01,0.06
2017.05.31 01:18:48.785,0.17281,0.17311,0.04,0.06
2017.05.31 01:19:06.025,0.17279,0.17305,0.03,0.04
2017.05.31 01:19:31.277,0.17277,0.17306,0.04,0.02
2017.05.31 01:19:31.672,0.17276,0.17305,0.03,0.04
2017.05.31 01:20:02.787,0.17274,0.17301,0.03,0.04
2017.05.31 01:20:03.091,0.1727,0.17299,0.03,0.04
2017.05.31 01:20:17.133,0.1727,0.173,0.06,0.06
2017.05.31 01:20:17.184,0.17274,0.173,0.04,0.02
2017.05.31 01:20:17.676,0.17274,0.17304,0.06,0.06
2017.05.31 01:20:17.727,0.17274,0.17301,0.03,0.04
2017.05.31 01:20:19.262,0.17271,0.17301,0.06,0.04
2017.05.31 01:20:19.855,0.17274,0.17304,0.04,0.06
2017.05.31 01:20:22.331,0.17273,0.17301,0.03,0.04
2017.05.31 01:20:30.395,0.1727,0.173,0.06,0.04
2017.05.31 01:20:30.446,0.17274,0.17301,0.04,0.02
2017.05.31 01:20:35.747,0.17275,0.17301,0.03,0.04
2017.05.31 01:20:36.109,0.17271,0.17299,0.08,0.02
2017.05.31 01:21:36.018,0.17271,0.17299,0.02,0.04
2017.05.31 01:21:44.014,0.17271,0.17299,0.02,0.04
2017.05.31 01:21:44.700,0.17271,0.17298,0.02,0.03
2017.05.31 01:21:49.639,0.17271,0.17298,0.02,0.03
2017.05.31 01:21:50.312,0.17271,0.17299,0.02,0.07
2017.05.31 01:21:51.665,0.17274,0.17301,0.04,0.04
2017.05.31 01:21:52.292,0.17274,0.17302,0.08,0.02
2017.05.31 01:22:25.606,0.17274,0.173,0.05,0.03
2017.05.31 01:22:26.126,0.17271,0.17299,0.05,0.02
2017.05.31 01:23:09.590,0.17274,0.17303,0.04,0.04
2017.05.31 01:23:11.431,0.17283,0.17303,0.01,0.02
2017.05.31 01:23:11.876,0.17281,0.17309,0.05,0.02
2017.05.31 01:23:12.447,0.17283,0.17309,0.01,0.02
2017.05.31 01:23:12.778,0.17276,0.17304,0.05,0.02
2017.05.31 01:24:12.719,0.17276,0.17304,0.02,0.04
2017.05.31 01:24:19.323,0.1728,0.17304,0.04,0.08
2017.05.31 01:24:20.110,0.17282,0.17307,0.05,0.04
2017.05.31 01:24:20.978,0.17281,0.17307,0.18,0.37
2017.05.31 01:24:21.434,0.17278,0.17304,0.09,0.30
2017.05.31 01:24:25.879,0.17278,0.17304,0.09,0.30
2017.05.31 01:24:27.110,0.1728,0.17306,0.22,0.38
2017.05.31 01:25:27.142,0.17281,0.17307,0.31,0.36
2017.05.31 01:25:28.246,0.17282,0.17308,0.18,0.35
2017.05.31 01:25:32.603,0.17281,0.17305,0.11,0.04
2017.05.31 01:25:33.153,0.17277,0.17303,0.32,0.12
2017.05.31 01:26:12.395,0.17276,0.173,0.36,0.04
2017.05.31 01:27:12.493,0.17272,0.17298,0.31,0.32
2017.05.31 01:28:33.386,0.17268,0.17298,0.05,0.24
2017.05.31 01:28:33.997,0.17272,0.17297,0.29,0.03
2017.05.31 01:28:34.498,0.17271,0.17297,0.35,0.22
2017.05.31 01:28:35.099,0.17272,0.17297,0.25,0.03
2017.05.31 01:28:36.426,0.17271,0.17298,0.10,0.32
2017.05.31 01:28:42.427,0.17272,0.17298,0.21,0.46
2017.05.31 01:28:45.372,0.17272,0.17298,0.21,0.43
2017.05.31 01:28:50.215,0.17274,0.17298,0.04,0.43
2017.05.31 01:28:50.649,0.17277,0.17302,0.03,0.04
2017.05.31 01:29:29.935,0.17276,0.17302,0.34,0.10
2017.05.31 01:29:45.187,0.17277,0.17303,0.04,0.25
2017.05.31 01:29:45.238,0.17276,0.17302,0.35,0.04
2017.05.31 01:29:49.610,0.17277,0.17302,0.04,0.04
2017.05.31 01:29:50.303,0.17278,0.17304,0.15,0.36
2017.05.31 01:30:29.972,0.17278,0.17304,0.05,0.42
2017.05.31 01:31:30.263,0.17277,0.17303,0.04,0.34
2017.05.31 01:31:30.512,0.17271,0.17301,0.04,0.04
2017.05.31 01:31:31.252,0.17273,0.17298,0.04,0.04
2017.05.31 01:31:35.363,0.17273,0.17299,0.06,0.44
2017.05.31 01:31:35.413,0.17274,0.173,0.04,0.04
2017.05.31 01:32:24.667,0.17279,0.17304,0.04,0.19
2017.05.31 01:32:25.277,0.17282,0.17308,0.21,0.31
2017.05.31 01:33:00.225,0.17288,0.17308,0.01,0.13
2017.05.31 01:33:00.577,0.17284,0.1731,0.26,0.36
2017.05.31 01:34:00.608,0.17286,0.17312,0.34,0.10
2017.05.31 01:34:02.021,0.17286,0.17313,0.35,0.16
2017.05.31 01:34:02.122,0.17289,0.17318,0.04,0.04
2017.05.31 01:34:11.159,0.17291,0.17315,0.33,0.04
2017.05.31 01:34:12.851,0.17287,0.17313,0.37,0.33
2017.05.31 01:34:13.153,0.17289,0.17315,0.31,0.34
2017.05.31 01:35:05.096,0.17286,0.1731,0.34,0.04
2017.05.31 01:35:26.149,0.17283,0.17309,0.05,0.37
2017.05.31 01:35:27.367,0.17281,0.17306,0.01,0.12
2017.05.31 01:35:38.402,0.17279,0.17305,0.04,0.22
2017.05.31 01:36:38.453,0.17283,0.17309,0.27,0.42
2017.05.31 01:36:39.431,0.17283,0.17309,0.27,0.42
2017.05.31 01:36:39.482,0.17285,0.1731,0.04,0.38
2017.05.31 01:37:39.622,0.17288,0.17314,0.34,0.30
2017.05.31 01:37:45.440,0.17288,0.17314,0.27,0.28
2017.05.31 01:37:45.780,0.17288,0.17314,0.27,0.29
2017.05.31 01:37:45.830,0.1729,0.17319,0.04,0.04
2017.05.31 01:37:50.500,0.17293,0.17316,0.17,0.04
2017.05.31 01:37:50.896,0.17293,0.17319,0.30,0.33
2017.05.31 01:38:49.412,0.17291,0.17317,0.38,0.30
2017.05.31 01:38:49.904,0.17289,0.17315,0.30,0.27
2017.05.31 01:39:11.236,0.1729,0.17316,0.28,0.39
2017.05.31 01:39:11.846,0.17293,0.17319,0.10,0.34
2017.05.31 01:40:11.450,0.17293,0.17319,0.10,0.36
2017.05.31 01:40:27.709,0.17293,0.17319,0.40,0.43
2017.05.31 01:40:43.888,0.17295,0.17324,0.04,0.04
2017.05.31 01:41:17.570,0.17303,0.17324,0.01,0.33
2017.05.31 01:41:18.058,0.17301,0.17327,0.35,0.30
2017.05.31 01:41:18.569,0.17301,0.17327,0.35,0.30
2017.05.31 01:41:18.620,0.17301,0.17327,0.35,0.33
2017.05.31 01:41:25.917,0.17299,0.17325,0.43,0.36
2017.05.31 01:41:26.405,0.173,0.17325,0.31,0.04
2017.05.31 01:41:35.567,0.173,0.17326,0.14,0.34
2017.05.31 01:41:35.889,0.17302,0.17328,0.31,0.32
2017.05.31 01:41:45.149,0.17296,0.17327,0.04,0.04
2017.05.31 01:41:45.880,0.173,0.17325,0.04,0.08
2017.05.31 01:41:54.725,0.173,0.17326,0.33,0.34
2017.05.31 01:42:34.914,0.17302,0.17329,0.02,0.04
2017.05.31 01:43:20.742,0.17296,0.17324,0.05,0.02
2017.05.31 01:43:24.229,0.17296,0.17324,0.05,0.06
2017.05.31 01:43:47.536,0.17299,0.17323,0.04,0.02
2017.05.31 01:43:51.462,0.173,0.17328,0.04,0.03
2017.05.31 01:43:51.513,0.17296,0.17326,0.04,0.04
2017.05.31 01:43:51.716,0.17296,0.17324,0.08,0.03
2017.05.31 01:43:51.767,0.17297,0.17324,0.04,0.02
2017.05.31 01:43:51.868,0.173,0.17328,0.02,0.06
2017.05.31 01:43:54.256,0.17301,0.17328,0.03,0.06
2017.05.31 01:44:51.954,0.173,0.17328,0.06,0.02
2017.05.31 01:45:34.145,0.173,0.17325,0.02,0.04
2017.05.31 01:45:34.319,0.17298,0.17323,0.02,0.04
2017.05.31 01:45:34.937,0.17297,0.17323,0.02,0.04
2017.05.31 01:45:36.040,0.17297,0.17323,0.03,0.04
2017.05.31 01:45:36.588,0.17301,0.17328,0.03,0.06
2017.05.31 01:45:37.355,0.17301,0.17328,0.03,0.02
2017.05.31 01:46:22.170,0.173,0.17325,0.02,0.04
2017.05.31 01:46:22.285,0.17298,0.17325,0.02,0.04
2017.05.31 01:46:24.668,0.17295,0.17323,0.08,0.02
2017.05.31 01:47:19.669,0.17296,0.17324,0.03,0.04
2017.05.31 01:47:22.336,0.17296,0.17324,0.02,0.04
2017.05.31 01:47:50.277,0.17296,0.17322,0.27,0.12
2017.05.31 01:48:50.519,0.17298,0.17323,0.04,0.04
2017.05.31 01:49:16.289,0.17297,0.17323,0.27,0.08
2017.05.31 01:49:16.825,0.17296,0.17322,0.04,0.33
2017.05.31 01:49:21.267,0.17298,0.17323,0.01,0.27
2017.05.31 01:49:21.568,0.17293,0.17318,0.05,0.04
2017.05.31 01:50:21.536,0.17293,0.17319,0.34,0.32
2017.05.31 01:50:52.426,0.17293,0.17319,0.31,0.36
2017.05.31 01:51:24.168,0.17292,0.17319,0.17,0.34
2017.05.31 01:51:40.249,0.17293,0.17319,0.36,0.22
2017.05.31 01:52:35.251,0.1729,0.17319,0.03,0.28
2017.05.31 01:54:32.434,0.17292,0.17319,0.04,0.31
2017.05.31 01:55:19.567,0.17286,0.17315,0.04,0.04
2017.05.31 01:55:19.638,0.17291,0.17315,0.21,0.04
2017.05.31 01:55:24.093,0.17287,0.17314,0.19,0.39
2017.05.31 01:55:52.994,0.17285,0.17311,0.33,0.09
2017.05.31 01:56:06.117,0.17286,0.17312,0.37,0.30
2017.05.31 01:56:38.930,0.17286,0.17312,0.13,0.26
2017.05.31 01:57:00.896,0.17289,0.17319,0.04,0.04
2017.05.31 01:57:01.434,0.17292,0.17318,0.19,0.36
2017.05.31 01:57:02.868,0.17292,0.17318,0.35,0.11
2017.05.31 01:58:00.164,0.1729,0.17316,0.25,0.34
2017.05.31 01:58:03.159,0.1729,0.17316,0.29,0.31
2017.05.31 01:58:11.650,0.1729,0.17316,0.24,0.34
2017.05.31 01:58:13.010,0.1729,0.17317,0.35,0.18
2017.05.31 01:58:54.459,0.17295,0.17325,0.04,0.04
2017.05.31 01:58:54.999,0.17296,0.17322,0.05,0.34
2017.05.31 01:58:56.941,0.17297,0.17323,0.34,0.40
2017.05.31 01:58:56.992,0.17293,0.1732,0.03,0.04
2017.05.31 01:58:57.648,0.17293,0.17318,0.03,0.31
2017.05.31 01:59:26.164,0.17289,0.17318,0.04,0.35
2017.05.31 01:59:26.751,0.1729,0.17316,0.35,0.15
