2017.05.05 01:00:17.311,0.16349,0.16369,0.02,0.02
2017.05.05 01:00:17.464,0.16349,0.16374,0.02,0.18
2017.05.05 01:00:19.585,0.16354,0.16374,0.02,0.41
2017.05.05 01:00:19.636,0.16348,0.16374,0.20,0.38
2017.05.05 01:00:22.042,0.16352,0.16377,0.13,0.04
2017.05.05 01:00:22.093,0.16351,0.16372,0.20,0.02
2017.05.05 01:00:22.220,0.1635,0.16374,0.30,0.04
2017.05.05 01:00:22.750,0.16349,0.16374,0.23,0.04
2017.05.05 01:00:30.722,0.16352,0.16374,0.02,0.31
2017.05.05 01:00:31.034,0.16354,0.16377,0.02,0.28
2017.05.05 01:00:32.722,0.16352,0.16376,0.02,0.04
2017.05.05 01:00:33.086,0.16349,0.16373,0.02,0.08
2017.05.05 01:00:36.533,0.16347,0.16373,0.34,0.39
2017.05.05 01:00:36.951,0.16344,0.16369,0.06,0.04
2017.05.05 01:00:37.602,0.16345,0.16369,0.34,0.06
2017.05.05 01:00:38.194,0.16344,0.16369,0.29,0.06
2017.05.05 01:00:54.719,0.16345,0.1637,0.19,0.04
2017.05.05 01:01:09.337,0.16344,0.16368,0.02,0.21
2017.05.05 01:01:32.920,0.16347,0.1637,0.02,0.33
2017.05.05 01:01:33.271,0.16344,0.1637,0.36,0.12
2017.05.05 01:01:34.458,0.16348,0.16368,0.02,0.02
2017.05.05 01:01:35.083,0.16345,0.16364,0.04,0.02
2017.05.05 01:01:35.592,0.16344,0.1637,0.31,0.17
2017.05.05 01:01:39.600,0.16345,0.16371,0.24,0.38
2017.05.05 01:01:40.313,0.16344,0.1637,0.32,0.31
2017.05.05 01:01:54.536,0.16344,0.1637,0.44,0.15
2017.05.05 01:01:54.956,0.16347,0.1637,0.02,0.15
2017.05.05 01:01:55.107,0.16345,0.16364,0.31,0.02
2017.05.05 01:01:55.679,0.16345,0.16371,0.14,0.33
2017.05.05 01:02:00.692,0.16349,0.16369,0.02,0.02
2017.05.05 01:02:01.259,0.16349,0.16373,0.02,0.04
2017.05.05 01:02:03.541,0.16346,0.16372,0.32,0.27
2017.05.05 01:02:04.066,0.16345,0.16371,0.39,0.32
2017.05.05 01:02:06.302,0.16349,0.16369,0.02,0.02
2017.05.05 01:02:06.352,0.16349,0.16371,0.02,0.13
2017.05.05 01:02:06.864,0.16347,0.16371,0.02,0.03
2017.05.05 01:02:07.474,0.16345,0.16371,0.24,0.38
2017.05.05 01:02:09.653,0.16344,0.1637,0.39,0.39
2017.05.05 01:02:21.118,0.16345,0.16371,0.13,0.37
2017.05.05 01:02:22.472,0.16344,0.1637,0.38,0.38
2017.05.05 01:02:25.276,0.16345,0.16371,0.31,0.28
2017.05.05 01:02:26.879,0.16344,0.16369,0.40,0.02
2017.05.05 01:02:47.647,0.16342,0.16362,0.02,0.02
2017.05.05 01:02:48.168,0.16339,0.16359,0.02,0.02
2017.05.05 01:02:48.413,0.16339,0.16364,0.02,0.31
2017.05.05 01:03:47.789,0.16338,0.16364,0.33,0.19
2017.05.05 01:03:50.127,0.16338,0.16365,0.33,0.21
2017.05.05 01:03:50.516,0.16337,0.16357,0.02,0.02
2017.05.05 01:03:50.717,0.16334,0.1636,0.35,0.40
2017.05.05 01:03:57.399,0.16329,0.16349,0.02,0.02
2017.05.05 01:03:57.450,0.16331,0.16355,0.36,0.06
2017.05.05 01:03:57.620,0.16329,0.16354,0.02,0.34
2017.05.05 01:04:00.739,0.16332,0.16355,0.02,0.15
2017.05.05 01:04:01.130,0.16334,0.16354,0.02,0.02
2017.05.05 01:04:01.917,0.16332,0.16357,0.02,0.18
2017.05.05 01:04:03.003,0.16329,0.16349,0.02,0.02
2017.05.05 01:04:03.778,0.16329,0.16354,0.06,0.04
2017.05.05 01:04:47.587,0.16324,0.16344,0.02,0.02
2017.05.05 01:04:47.688,0.16329,0.16352,0.02,0.04
2017.05.05 01:04:49.084,0.16327,0.16353,0.30,0.36
2017.05.05 01:04:49.428,0.16324,0.16348,0.02,0.15
2017.05.05 01:04:49.905,0.16327,0.16347,0.02,0.02
2017.05.05 01:04:50.063,0.16329,0.1635,0.02,0.34
2017.05.05 01:05:00.365,0.16327,0.16352,0.31,0.04
2017.05.05 01:05:00.685,0.16324,0.1635,0.21,0.33
2017.05.05 01:05:25.861,0.16322,0.16348,0.34,0.20
2017.05.05 01:05:26.220,0.16324,0.16347,0.02,0.40
2017.05.05 01:06:25.993,0.16323,0.16349,0.16,0.37
2017.05.05 01:06:27.972,0.16329,0.16354,0.02,0.04
2017.05.05 01:06:28.411,0.16324,0.16344,0.02,0.02
2017.05.05 01:06:28.562,0.16329,0.16352,0.02,0.39
2017.05.05 01:06:30.046,0.16328,0.16349,0.04,0.02
2017.05.05 01:06:30.205,0.16325,0.1635,0.30,0.04
2017.05.05 01:06:31.035,0.16324,0.1635,0.43,0.44
2017.05.05 01:06:41.112,0.16327,0.1635,0.02,0.39
2017.05.05 01:06:41.599,0.16329,0.16353,0.02,0.14
2017.05.05 01:07:08.093,0.16334,0.16354,0.02,0.02
2017.05.05 01:07:08.739,0.16334,0.16358,0.02,0.33
2017.05.05 01:07:09.192,0.16332,0.16358,0.12,0.31
2017.05.05 01:07:09.573,0.16329,0.16354,0.02,0.40
2017.05.05 01:07:40.427,0.16327,0.16353,0.20,0.26
2017.05.05 01:07:40.728,0.16329,0.16352,0.02,0.25
2017.05.05 01:07:44.299,0.16326,0.16347,0.21,0.02
2017.05.05 01:07:44.556,0.16324,0.16349,0.02,0.34
2017.05.05 01:07:44.606,0.16327,0.16349,0.02,0.34
2017.05.05 01:07:45.168,0.16329,0.16351,0.02,0.02
2017.05.05 01:07:48.100,0.16327,0.16352,0.02,0.21
2017.05.05 01:07:48.468,0.16324,0.16349,0.02,0.31
2017.05.05 01:07:57.409,0.16327,0.16348,0.02,0.39
2017.05.05 01:07:57.711,0.16329,0.16352,0.02,0.22
2017.05.05 01:08:13.194,0.16327,0.16353,0.28,0.37
2017.05.05 01:08:13.587,0.16329,0.16353,0.02,0.35
2017.05.05 01:08:22.195,0.16327,0.16352,0.02,0.37
2017.05.05 01:08:22.501,0.16324,0.16348,0.02,0.31
2017.05.05 01:08:52.425,0.16329,0.16349,0.02,0.14
2017.05.05 01:08:52.984,0.16329,0.16353,0.02,0.09
2017.05.05 01:09:02.606,0.16327,0.16352,0.02,0.22
2017.05.05 01:09:02.907,0.16325,0.1635,0.04,0.04
2017.05.05 01:09:03.545,0.16324,0.16349,0.06,0.04
2017.05.05 01:09:15.854,0.16327,0.16349,0.02,0.04
2017.05.05 01:09:16.171,0.16329,0.16351,0.02,0.04
2017.05.05 01:09:17.440,0.16327,0.16352,0.06,0.04
2017.05.05 01:09:17.786,0.16324,0.16349,0.02,0.36
2017.05.05 01:10:02.817,0.16319,0.16339,0.02,0.02
2017.05.05 01:10:03.596,0.1632,0.16339,0.24,0.02
2017.05.05 01:10:09.997,0.16319,0.16339,0.02,0.02
2017.05.05 01:10:19.724,0.16322,0.16342,0.02,0.02
2017.05.05 01:10:20.180,0.1632,0.16339,0.04,0.02
2017.05.05 01:10:20.916,0.16319,0.16339,0.25,0.02
2017.05.05 01:10:31.863,0.16324,0.16349,0.02,0.04
2017.05.05 01:10:35.298,0.16322,0.16347,0.02,0.27
2017.05.05 01:10:35.617,0.16324,0.16348,0.02,0.35
2017.05.05 01:10:38.206,0.16322,0.16346,0.02,0.13
2017.05.05 01:10:38.722,0.16324,0.16346,0.02,0.13
2017.05.05 01:10:42.008,0.16321,0.16339,0.10,0.02
2017.05.05 01:10:42.227,0.16319,0.16339,0.39,0.02
2017.05.05 01:10:45.123,0.16322,0.16345,0.02,0.33
2017.05.05 01:10:45.453,0.16324,0.16348,0.02,0.40
2017.05.05 01:11:04.313,0.16321,0.1634,0.05,0.02
2017.05.05 01:11:06.616,0.1632,0.1634,0.13,0.02
2017.05.05 01:11:09.590,0.1632,0.16346,0.13,0.32
2017.05.05 01:11:13.220,0.1632,0.16346,0.13,0.32
2017.05.05 01:11:13.627,0.1632,0.16338,0.11,0.02
2017.05.05 01:11:13.678,0.16318,0.16338,0.06,0.02
2017.05.05 01:11:13.728,0.16318,0.16335,0.04,0.02
2017.05.05 01:11:14.515,0.16315,0.16335,0.37,0.02
2017.05.05 01:11:16.340,0.16315,0.16335,0.37,0.02
2017.05.05 01:11:16.567,0.1632,0.1634,0.02,0.02
2017.05.05 01:11:17.408,0.16325,0.16346,0.02,0.41
2017.05.05 01:11:17.735,0.16325,0.16351,0.32,0.30
2017.05.05 01:11:18.146,0.16326,0.16352,0.14,0.41
2017.05.05 01:11:24.128,0.1633,0.16352,0.02,0.27
2017.05.05 01:11:25.873,0.16331,0.16357,0.12,0.26
2017.05.05 01:11:26.599,0.16333,0.16359,0.27,0.41
2017.05.05 01:11:26.699,0.16331,0.16357,0.13,0.37
2017.05.05 01:11:31.673,0.16331,0.16357,0.13,0.37
2017.05.05 01:11:33.853,0.16331,0.16357,0.13,0.37
2017.05.05 01:11:36.139,0.1633,0.16348,0.09,0.02
2017.05.05 01:11:36.507,0.16326,0.16345,0.30,0.02
2017.05.05 01:11:42.919,0.16328,0.16353,0.02,0.38
2017.05.05 01:11:43.421,0.16329,0.16355,0.19,0.31
2017.05.05 01:11:44.492,0.1633,0.16355,0.02,0.36
2017.05.05 01:11:45.142,0.16331,0.16357,0.33,0.24
2017.05.05 01:11:48.878,0.16328,0.16348,0.02,0.02
2017.05.05 01:11:49.181,0.16327,0.16353,0.34,0.36
2017.05.05 01:11:49.732,0.16327,0.16353,0.40,0.32
2017.05.05 01:12:00.160,0.16326,0.16352,0.10,0.37
2017.05.05 01:12:00.651,0.16324,0.1635,0.31,0.43
2017.05.05 01:12:01.270,0.16325,0.1635,0.02,0.22
2017.05.05 01:12:01.321,0.16325,0.1635,0.02,0.22
2017.05.05 01:12:02.029,0.16326,0.16352,0.22,0.33
2017.05.05 01:12:08.227,0.16328,0.16352,0.02,0.33
2017.05.05 01:12:08.277,0.16328,0.16352,0.02,0.33
2017.05.05 01:12:08.378,0.16331,0.16356,0.04,0.04
2017.05.05 01:12:10.409,0.16327,0.16345,0.03,0.02
2017.05.05 01:12:10.597,0.16328,0.16353,0.04,0.04
2017.05.05 01:12:11.271,0.16327,0.16353,0.31,0.33
2017.05.05 01:12:16.817,0.16326,0.16352,0.22,0.34
2017.05.05 01:12:46.257,0.16328,0.16352,0.06,0.33
2017.05.05 01:12:46.358,0.1633,0.1635,0.02,0.02
2017.05.05 01:12:50.154,0.16331,0.16348,0.41,0.02
2017.05.05 01:12:50.255,0.1633,0.16356,0.10,0.34
2017.05.05 01:12:50.306,0.16329,0.16345,0.17,0.02
2017.05.05 01:12:50.356,0.16327,0.16345,0.34,0.02
2017.05.05 01:12:50.407,0.16327,0.16353,0.35,0.26
2017.05.05 01:12:50.457,0.1633,0.16356,0.31,0.32
2017.05.05 01:12:51.297,0.16331,0.16357,0.24,0.34
2017.05.05 01:12:52.095,0.16328,0.16348,0.02,0.02
2017.05.05 01:12:52.251,0.16331,0.16357,0.15,0.33
2017.05.05 01:12:56.766,0.1633,0.16345,0.15,0.02
2017.05.05 01:12:56.867,0.16328,0.16354,0.08,0.31
2017.05.05 01:13:00.284,0.16328,0.16354,0.10,0.31
2017.05.05 01:13:00.405,0.1633,0.1635,0.29,0.02
2017.05.05 01:13:04.427,0.1633,0.16348,0.12,0.02
2017.05.05 01:13:05.131,0.16329,0.16355,0.18,0.36
2017.05.05 01:13:07.893,0.1633,0.16355,0.02,0.36
2017.05.05 01:13:08.431,0.16331,0.16357,0.37,0.33
2017.05.05 01:13:14.755,0.16331,0.16357,0.37,0.33
2017.05.05 01:13:42.995,0.16331,0.16357,0.23,0.43
2017.05.05 01:13:50.236,0.16335,0.16357,0.02,0.22
2017.05.05 01:13:50.964,0.16339,0.16362,0.02,0.30
2017.05.05 01:14:34.501,0.16334,0.16354,0.02,0.02
2017.05.05 01:14:34.603,0.16339,0.16363,0.02,0.31
2017.05.05 01:14:34.754,0.16334,0.16354,0.02,0.02
2017.05.05 01:14:35.010,0.16334,0.1636,0.10,0.42
2017.05.05 01:14:38.298,0.16339,0.16359,0.02,0.02
2017.05.05 01:14:38.348,0.16339,0.1636,0.02,0.02
2017.05.05 01:14:39.956,0.16337,0.16359,0.31,0.02
2017.05.05 01:14:40.121,0.16335,0.16361,0.33,0.40
2017.05.05 01:14:40.354,0.16337,0.16359,0.02,0.11
2017.05.05 01:14:40.455,0.16339,0.1636,0.02,0.41
2017.05.05 01:14:42.575,0.16337,0.16362,0.02,0.36
2017.05.05 01:14:42.893,0.16334,0.16354,0.14,0.02
2017.05.05 01:14:43.604,0.16334,0.1636,0.35,0.30
2017.05.05 01:15:13.987,0.16332,0.16357,0.02,0.04
2017.05.05 01:15:14.348,0.16329,0.16355,0.02,0.04
2017.05.05 01:16:14.340,0.16328,0.16354,0.04,0.30
2017.05.05 01:16:19.701,0.16327,0.16353,0.34,0.13
2017.05.05 01:16:20.311,0.16328,0.16354,0.40,0.29
2017.05.05 01:16:22.737,0.16322,0.16354,0.04,0.33
2017.05.05 01:16:22.891,0.16325,0.16351,0.33,0.33
2017.05.05 01:16:24.192,0.16327,0.16353,0.33,0.36
2017.05.05 01:16:25.694,0.16328,0.16354,0.34,0.34
2017.05.05 01:16:28.400,0.16327,0.16353,0.42,0.18
2017.05.05 01:16:33.407,0.16328,0.16354,0.30,0.30
2017.05.05 01:16:34.561,0.16322,0.16354,0.04,0.27
2017.05.05 01:16:36.881,0.16322,0.16354,0.04,0.30
2017.05.05 01:16:37.480,0.16327,0.16353,0.22,0.32
2017.05.05 01:16:44.177,0.16328,0.16354,0.25,0.30
2017.05.05 01:16:55.490,0.16327,0.16347,0.17,0.02
2017.05.05 01:16:55.641,0.16324,0.1635,0.30,0.30
2017.05.05 01:17:00.454,0.16327,0.1635,0.02,0.39
2017.05.05 01:17:00.932,0.16329,0.16353,0.02,0.37
2017.05.05 01:17:14.747,0.16327,0.16351,0.36,0.05
2017.05.05 01:17:15.187,0.16324,0.1635,0.31,0.35
2017.05.05 01:17:21.876,0.16327,0.16349,0.02,0.04
2017.05.05 01:17:22.449,0.16329,0.16352,0.02,0.23
2017.05.05 01:17:57.999,0.16327,0.16344,0.07,0.02
2017.05.05 01:17:58.124,0.16325,0.16351,0.23,0.32
2017.05.05 01:17:58.875,0.16324,0.1635,0.31,0.40
2017.05.05 01:18:49.459,0.16322,0.16347,0.33,0.04
2017.05.05 01:18:49.782,0.16319,0.16339,0.02,0.02
2017.05.05 01:18:54.663,0.16324,0.16345,0.02,0.26
2017.05.05 01:19:54.901,0.16322,0.16348,0.36,0.28
2017.05.05 01:19:59.801,0.16321,0.16339,0.26,0.02
2017.05.05 01:19:59.851,0.1632,0.16339,0.30,0.02
2017.05.05 01:20:00.512,0.16319,0.16339,0.02,0.02
2017.05.05 01:20:50.887,0.16324,0.16345,0.02,0.18
2017.05.05 01:21:51.077,0.16323,0.16348,0.04,0.04
2017.05.05 01:21:55.307,0.16322,0.16348,0.32,0.04
2017.05.05 01:22:17.420,0.16322,0.16348,0.37,0.09
2017.05.05 01:22:34.471,0.16322,0.16349,0.11,0.35
2017.05.05 01:22:37.823,0.16323,0.16349,0.20,0.39
2017.05.05 01:23:09.379,0.16329,0.16349,0.02,0.36
2017.05.05 01:23:10.096,0.16329,0.16352,0.02,0.32
2017.05.05 01:24:09.368,0.16328,0.16353,0.04,0.04
2017.05.05 01:24:22.036,0.16324,0.16354,0.03,0.25
2017.05.05 01:24:23.412,0.16332,0.16354,0.02,0.25
2017.05.05 01:24:23.499,0.16334,0.16355,0.02,0.11
2017.05.05 01:25:00.044,0.16332,0.16357,0.02,0.33
2017.05.05 01:25:00.388,0.16329,0.16354,0.02,0.24
2017.05.05 01:25:17.787,0.16327,0.16351,0.23,0.03
2017.05.05 01:25:18.122,0.16324,0.16349,0.02,0.37
2017.05.05 01:25:18.568,0.16327,0.16349,0.02,0.36
2017.05.05 01:25:19.125,0.16329,0.16352,0.02,0.16
2017.05.05 01:26:18.701,0.16328,0.16354,0.08,0.30
2017.05.05 01:26:21.533,0.16327,0.16353,0.37,0.32
2017.05.05 01:26:22.332,0.16328,0.16354,0.09,0.31
2017.05.05 01:26:29.449,0.16327,0.16353,0.42,0.36
2017.05.05 01:26:30.454,0.16328,0.16354,0.11,0.38
2017.05.05 01:26:41.980,0.16327,0.16353,0.37,0.23
2017.05.05 01:26:44.782,0.16328,0.16354,0.09,0.37
2017.05.05 01:26:48.690,0.16327,0.16353,0.31,0.27
2017.05.05 01:26:49.471,0.16328,0.16354,0.09,0.31
2017.05.05 01:26:50.132,0.16327,0.16353,0.29,0.30
2017.05.05 01:26:52.298,0.16327,0.16353,0.29,0.30
2017.05.05 01:27:31.288,0.16323,0.16353,0.03,0.39
2017.05.05 01:27:33.113,0.16328,0.16354,0.13,0.37
2017.05.05 01:27:34.676,0.16327,0.16353,0.30,0.26
2017.05.05 01:27:37.080,0.16328,0.16354,0.09,0.29
2017.05.05 01:27:38.281,0.16327,0.16353,0.37,0.32
2017.05.05 01:27:39.090,0.16328,0.16354,0.10,0.38
2017.05.05 01:27:41.286,0.16327,0.16353,0.26,0.26
2017.05.05 01:27:44.292,0.16328,0.16354,0.13,0.31
2017.05.05 01:27:45.194,0.16327,0.16353,0.28,0.33
2017.05.05 01:28:10.750,0.16328,0.16354,0.11,0.31
2017.05.05 01:28:17.264,0.16327,0.16353,0.34,0.32
2017.05.05 01:28:19.967,0.16328,0.16354,0.10,0.36
2017.05.05 01:28:21.569,0.16327,0.16353,0.39,0.19
2017.05.05 01:28:33.187,0.16328,0.16354,0.42,0.39
2017.05.05 01:28:40.198,0.16327,0.16353,0.36,0.18
2017.05.05 01:28:41.400,0.16328,0.16354,0.28,0.39
2017.05.05 01:28:42.903,0.16327,0.16353,0.31,0.21
2017.05.05 01:28:45.205,0.16328,0.16354,0.33,0.30
2017.05.05 01:28:46.133,0.16327,0.16353,0.30,0.18
2017.05.05 01:28:50.424,0.16328,0.16354,0.34,0.35
2017.05.05 01:28:51.035,0.16327,0.16353,0.34,0.22
2017.05.05 01:28:51.694,0.16328,0.16354,0.36,0.28
2017.05.05 01:29:01.658,0.16327,0.16353,0.37,0.24
2017.05.05 01:29:02.267,0.16328,0.16354,0.11,0.32
2017.05.05 01:29:02.669,0.16328,0.16354,0.12,0.32
2017.05.05 01:29:31.710,0.16327,0.16354,0.20,0.33
2017.05.05 01:29:59.052,0.16329,0.16354,0.02,0.33
2017.05.05 01:30:59.366,0.16328,0.16354,0.32,0.31
2017.05.05 01:31:00.105,0.16329,0.16354,0.02,0.31
2017.05.05 01:32:00.193,0.16327,0.16353,0.36,0.19
2017.05.05 01:32:15.017,0.16328,0.16354,0.41,0.27
2017.05.05 01:32:29.540,0.16327,0.16354,0.23,0.35
2017.05.05 01:32:29.590,0.16327,0.16344,0.23,0.02
2017.05.05 01:32:29.741,0.16326,0.16352,0.31,0.37
2017.05.05 01:32:29.841,0.16324,0.1635,0.33,0.13
2017.05.05 01:33:05.148,0.16329,0.16355,0.02,0.02
2017.05.05 01:33:11.418,0.16327,0.16347,0.02,0.02
2017.05.05 01:33:11.570,0.16329,0.16352,0.02,0.36
2017.05.05 01:33:25.392,0.16327,0.1635,0.02,0.02
2017.05.05 01:33:25.819,0.16324,0.1635,0.35,0.13
2017.05.05 01:33:29.803,0.16329,0.1635,0.02,0.34
2017.05.05 01:33:31.615,0.16327,0.16347,0.02,0.02
2017.05.05 01:33:31.861,0.16324,0.16349,0.02,0.25
2017.05.05 01:34:17.026,0.16319,0.16339,0.02,0.02
2017.05.05 01:34:17.148,0.16319,0.16339,0.36,0.02
2017.05.05 01:34:17.317,0.16322,0.16344,0.02,0.22
2017.05.05 01:34:17.657,0.16324,0.16347,0.02,0.04
2017.05.05 01:34:21.424,0.16322,0.16345,0.06,0.02
2017.05.05 01:34:21.760,0.16319,0.16339,0.34,0.02
2017.05.05 01:34:25.727,0.16324,0.16344,0.02,0.02
2017.05.05 01:34:26.258,0.16324,0.16348,0.02,0.31
2017.05.05 01:35:25.807,0.16323,0.16349,0.04,0.40
2017.05.05 01:36:01.082,0.16329,0.16349,0.02,0.02
2017.05.05 01:36:01.650,0.16329,0.16352,0.02,0.39
2017.05.05 01:37:01.204,0.16327,0.16354,0.14,0.31
2017.05.05 01:37:38.104,0.16327,0.16354,0.10,0.36
2017.05.05 01:37:38.634,0.16328,0.16354,0.18,0.35
2017.05.05 01:39:45.815,0.16327,0.16357,0.28,0.03
2017.05.05 01:39:46.282,0.16326,0.16344,0.06,0.02
2017.05.05 01:39:46.442,0.16324,0.1635,0.30,0.27
2017.05.05 01:39:52.760,0.16327,0.16355,0.02,0.02
2017.05.05 01:39:52.861,0.16329,0.16355,0.02,0.02
2017.05.05 01:39:54.800,0.16324,0.16352,0.02,0.04
2017.05.05 01:39:59.588,0.16329,0.16355,0.02,0.02
2017.05.05 01:40:59.719,0.16325,0.16355,0.06,0.02
2017.05.05 01:43:05.169,0.1633,0.16356,0.04,0.32
2017.05.05 01:43:07.372,0.16329,0.16355,0.33,0.33
2017.05.05 01:43:22.996,0.1633,0.16356,0.04,0.33
2017.05.05 01:43:23.899,0.16329,0.16355,0.28,0.31
2017.05.05 01:43:24.658,0.1633,0.16356,0.04,0.27
2017.05.05 01:43:25.903,0.16329,0.16355,0.26,0.37
2017.05.05 01:43:29.509,0.1633,0.16356,0.04,0.36
2017.05.05 01:43:33.717,0.16329,0.16355,0.30,0.34
2017.05.05 01:43:34.517,0.1633,0.16356,0.04,0.31
2017.05.05 01:43:37.821,0.16329,0.16355,0.24,0.39
2017.05.05 01:43:38.569,0.1633,0.16356,0.04,0.34
2017.05.05 01:43:42.828,0.16329,0.16355,0.33,0.34
2017.05.05 01:43:46.934,0.1633,0.16356,0.04,0.33
2017.05.05 01:43:48.235,0.16329,0.16355,0.39,0.32
2017.05.05 01:43:49.137,0.1633,0.16356,0.04,0.30
2017.05.05 01:43:52.061,0.16329,0.16355,0.29,0.28
2017.05.05 01:43:52.590,0.1633,0.16356,0.04,0.37
2017.05.05 01:43:53.200,0.16329,0.16355,0.32,0.34
2017.05.05 01:43:56.245,0.1633,0.16356,0.04,0.35
2017.05.05 01:43:56.832,0.16329,0.16355,0.26,0.30
2017.05.05 01:43:57.871,0.1633,0.16356,0.04,0.35
2017.05.05 01:44:00.207,0.16329,0.16355,0.27,0.33
2017.05.05 01:44:02.954,0.1633,0.16356,0.04,0.39
2017.05.05 01:44:03.756,0.16329,0.16355,0.37,0.32
2017.05.05 01:44:05.358,0.1633,0.16356,0.04,0.36
2017.05.05 01:44:07.062,0.16329,0.16355,0.37,0.27
2017.05.05 01:44:20.583,0.1633,0.16356,0.04,0.25
2017.05.05 01:44:22.688,0.16329,0.16355,0.31,0.30
2017.05.05 01:44:25.929,0.1633,0.16356,0.04,0.31
2017.05.05 01:44:26.795,0.16329,0.16355,0.39,0.32
2017.05.05 01:45:02.253,0.1633,0.16356,0.19,0.27
2017.05.05 01:45:05.559,0.16329,0.16355,0.36,0.30
2017.05.05 01:45:06.311,0.1633,0.16356,0.04,0.23
2017.05.05 01:45:06.962,0.16329,0.16355,0.33,0.35
2017.05.05 01:45:08.010,0.1633,0.16356,0.24,0.40
2017.05.05 01:45:13.470,0.16329,0.16355,0.36,0.30
2017.05.05 01:45:21.582,0.1633,0.16356,0.16,0.21
2017.05.05 01:45:22.322,0.16329,0.16355,0.37,0.38
2017.05.05 01:45:22.982,0.1633,0.16356,0.17,0.29
2017.05.05 01:45:23.642,0.16329,0.16355,0.24,0.32
2017.05.05 01:45:39.362,0.16333,0.16355,0.02,0.32
2017.05.05 01:46:39.473,0.1633,0.16356,0.28,0.32
2017.05.05 01:46:44.396,0.16331,0.16357,0.13,0.30
2017.05.05 01:46:46.500,0.1633,0.16356,0.42,0.31
2017.05.05 01:47:04.123,0.16331,0.16355,0.10,0.02
2017.05.05 01:47:16.145,0.1633,0.16355,0.36,0.02
2017.05.05 01:47:21.557,0.16331,0.16355,0.08,0.02
2017.05.05 01:47:25.608,0.16332,0.16351,0.01,0.01
2017.05.05 01:47:25.659,0.16331,0.16356,0.09,0.02
2017.05.05 01:47:25.775,0.16333,0.16356,0.02,0.09
2017.05.05 01:47:26.128,0.16338,0.16358,0.02,0.12
2017.05.05 01:47:26.873,0.16336,0.16357,0.02,0.35
2017.05.05 01:47:26.923,0.16331,0.16356,0.23,0.02
2017.05.05 01:47:27.024,0.16333,0.16356,0.02,0.35
2017.05.05 01:47:27.414,0.16336,0.16356,0.02,0.34
2017.05.05 01:47:27.465,0.16336,0.16357,0.02,0.02
2017.05.05 01:47:27.640,0.16338,0.16358,0.02,0.28
2017.05.05 01:48:27.826,0.16334,0.16359,0.24,0.02
2017.05.05 01:49:01.636,0.16334,0.1636,0.27,0.16
2017.05.05 01:49:02.242,0.16335,0.16361,0.04,0.45
2017.05.05 01:49:02.838,0.16334,0.1636,0.33,0.14
2017.05.05 01:49:03.439,0.16335,0.16361,0.04,0.33
2017.05.05 01:49:13.188,0.16334,0.1636,0.37,0.22
2017.05.05 01:49:13.956,0.16335,0.16361,0.04,0.36
2017.05.05 01:49:14.557,0.16334,0.1636,0.31,0.12
2017.05.05 01:49:15.496,0.16335,0.16361,0.04,0.33
2017.05.05 01:49:16.105,0.16334,0.1636,0.26,0.19
2017.05.05 01:49:21.567,0.16335,0.16361,0.08,0.38
2017.05.05 01:49:41.614,0.16334,0.1636,0.31,0.18
2017.05.05 01:49:42.223,0.16335,0.16361,0.38,0.28
2017.05.05 01:49:43.099,0.16334,0.1636,0.25,0.19
2017.05.05 01:49:46.405,0.16335,0.16361,0.29,0.32
2017.05.05 01:49:49.555,0.16334,0.1636,0.25,0.22
2017.05.05 01:50:01.027,0.16335,0.16361,0.40,0.30
2017.05.05 01:50:01.528,0.16334,0.1636,0.36,0.20
2017.05.05 01:50:08.039,0.16335,0.16361,0.30,0.36
2017.05.05 01:50:09.674,0.16334,0.1636,0.35,0.18
2017.05.05 01:50:10.358,0.16335,0.16361,0.04,0.39
2017.05.05 01:50:13.377,0.16334,0.1636,0.34,0.18
2017.05.05 01:50:14.750,0.16335,0.16361,0.35,0.39
2017.05.05 01:50:17.553,0.16334,0.1636,0.36,0.16
2017.05.05 01:50:18.279,0.16335,0.16361,0.39,0.32
2017.05.05 01:50:47.593,0.16334,0.1636,0.28,0.17
2017.05.05 01:50:50.497,0.16335,0.16361,0.26,0.38
2017.05.05 01:50:51.048,0.16334,0.1636,0.40,0.31
2017.05.05 01:50:59.808,0.16335,0.16361,0.32,0.40
2017.05.05 01:51:00.409,0.16334,0.1636,0.38,0.24
2017.05.05 01:51:08.701,0.1633,0.1636,0.03,0.25
2017.05.05 01:51:08.819,0.16336,0.16361,0.04,0.04
2017.05.05 01:51:10.422,0.16335,0.16361,0.41,0.30
2017.05.05 01:51:11.151,0.16335,0.16361,0.32,0.41
2017.05.05 01:51:11.538,0.16338,0.16361,0.02,0.39
2017.05.05 01:51:19.260,0.16334,0.16354,0.02,0.02
2017.05.05 01:51:30.988,0.16339,0.1636,0.02,0.22
2017.05.05 01:51:31.647,0.16337,0.16354,0.29,0.02
2017.05.05 01:51:31.798,0.16336,0.16361,0.32,0.02
2017.05.05 01:51:31.850,0.16334,0.16359,0.02,0.11
2017.05.05 01:51:32.033,0.16339,0.16359,0.02,0.13
2017.05.05 01:51:32.726,0.16339,0.16361,0.02,0.02
2017.05.05 01:51:33.056,0.16334,0.16359,0.06,0.04
2017.05.05 01:51:33.909,0.16337,0.1636,0.02,0.27
2017.05.05 01:51:34.035,0.16339,0.1636,0.02,0.26
2017.05.05 01:51:43.126,0.16337,0.16354,0.08,0.02
2017.05.05 01:51:43.245,0.16339,0.16364,0.02,0.37
2017.05.05 01:51:45.906,0.16337,0.16354,0.34,0.02
2017.05.05 01:51:46.070,0.16336,0.16361,0.31,0.02
2017.05.05 01:51:46.593,0.16334,0.1636,0.26,0.37
2017.05.05 01:51:47.205,0.16337,0.1636,0.02,0.37
2017.05.05 01:51:47.255,0.16337,0.1636,0.02,0.37
2017.05.05 01:51:47.335,0.16339,0.1636,0.02,0.37
2017.05.05 01:51:47.573,0.16338,0.16361,0.09,0.02
2017.05.05 01:51:47.913,0.16334,0.16354,0.02,0.02
2017.05.05 01:52:03.872,0.16334,0.16359,0.02,0.39
2017.05.05 01:52:44.255,0.16332,0.16352,0.02,0.02
2017.05.05 01:52:44.586,0.16329,0.16349,0.02,0.02
2017.05.05 01:52:44.725,0.16332,0.16354,0.02,0.28
2017.05.05 01:52:44.854,0.16334,0.16355,0.02,0.07
2017.05.05 01:52:47.647,0.16332,0.16352,0.13,0.02
2017.05.05 01:52:47.959,0.16329,0.16349,0.33,0.02
2017.05.05 01:53:47.983,0.16328,0.16355,0.41,0.16
2017.05.05 01:54:02.918,0.16328,0.16354,0.32,0.21
2017.05.05 01:54:26.314,0.16324,0.16354,0.03,0.39
2017.05.05 01:56:32.187,0.16328,0.16354,0.29,0.34
2017.05.05 01:58:40.071,0.16324,0.16354,0.03,0.42
