2013.02.05 01:00:00.492,0.31683,0.31717,0.04,0.03
2013.02.05 01:00:00.611,0.31679,0.31709,0.03,0.02
2013.02.05 01:00:00.671,0.31685,0.31721,0.02,0.03
2013.02.05 01:00:00.793,0.31684,0.31719,0.03,0.05
2013.02.05 01:00:02.260,0.31683,0.31713,0.02,0.02
2013.02.05 01:00:03.002,0.31676,0.31706,0.02,0.02
2013.02.05 01:00:03.241,0.31677,0.31713,0.02,0.03
2013.02.05 01:00:04.302,0.31681,0.31716,0.02,0.06
2013.02.05 01:00:05.178,0.31678,0.31715,0.02,0.02
2013.02.05 01:00:06.432,0.3168,0.3171,0.02,0.02
2013.02.05 01:00:06.552,0.31684,0.31718,0.02,0.02
2013.02.05 01:00:07.124,0.31684,0.31715,0.02,0.02
2013.02.05 01:00:07.272,0.31684,0.31716,0.02,0.03
2013.02.05 01:00:07.492,0.31685,0.31721,0.02,0.02
2013.02.05 01:00:07.552,0.31683,0.31713,0.02,0.02
2013.02.05 01:00:07.612,0.31686,0.31723,0.02,0.06
2013.02.05 01:00:08.252,0.31683,0.31719,0.04,0.03
2013.02.05 01:00:09.061,0.3168,0.3171,0.02,0.02
2013.02.05 01:00:09.624,0.31686,0.31722,0.02,0.02
2013.02.05 01:00:09.702,0.31677,0.31708,0.03,0.02
2013.02.05 01:00:10.232,0.31684,0.31717,0.03,0.02
2013.02.05 01:00:10.351,0.31684,0.31718,0.03,0.03
2013.02.05 01:00:11.316,0.31684,0.31716,0.02,0.03
2013.02.05 01:00:11.478,0.31675,0.31705,0.02,0.02
2013.02.05 01:00:11.601,0.31684,0.31718,0.04,0.02
2013.02.05 01:00:11.722,0.31685,0.31721,0.02,0.06
2013.02.05 01:00:12.232,0.31686,0.31721,0.02,0.05
2013.02.05 01:00:12.291,0.31684,0.31714,0.02,0.02
2013.02.05 01:00:12.970,0.31687,0.31723,0.02,0.03
2013.02.05 01:00:13.295,0.31685,0.31722,0.02,0.02
2013.02.05 01:00:13.411,0.31688,0.31724,0.02,0.06
2013.02.05 01:00:14.275,0.31683,0.31719,0.04,0.03
2013.02.05 01:00:14.946,0.31687,0.31723,0.02,0.03
2013.02.05 01:00:15.265,0.31684,0.3172,0.02,0.03
2013.02.05 01:00:15.381,0.31687,0.31723,0.02,0.03
2013.02.05 01:00:16.201,0.31687,0.31724,0.02,0.06
2013.02.05 01:00:16.561,0.3168,0.3171,0.02,0.02
2013.02.05 01:00:17.103,0.31686,0.31723,0.02,0.02
2013.02.05 01:00:17.351,0.31692,0.31725,0.02,0.05
2013.02.05 01:00:17.969,0.31684,0.31714,0.04,0.02
2013.02.05 01:00:18.241,0.31685,0.31721,0.02,0.03
2013.02.05 01:00:18.978,0.31688,0.31723,0.02,0.02
2013.02.05 01:00:19.262,0.31685,0.31721,0.02,0.03
2013.02.05 01:00:22.831,0.31685,0.31722,0.02,0.02
2013.02.05 01:00:23.171,0.31678,0.3171,0.04,0.02
2013.02.05 01:00:23.624,0.31688,0.31724,0.02,0.07
2013.02.05 01:00:24.292,0.31684,0.3172,0.04,0.08
2013.02.05 01:00:24.612,0.31684,0.3172,0.04,0.02
2013.02.05 01:00:24.791,0.31688,0.31724,0.02,0.06
2013.02.05 01:00:25.121,0.31686,0.3172,0.02,0.03
2013.02.05 01:00:25.181,0.31679,0.3171,0.03,0.02
2013.02.05 01:00:25.835,0.31685,0.3172,0.02,0.05
2013.02.05 01:00:27.260,0.31678,0.31708,0.02,0.02
2013.02.05 01:00:27.441,0.31683,0.31718,0.03,0.06
2013.02.05 01:00:28.391,0.31683,0.31718,0.03,0.08
2013.02.05 01:00:29.721,0.31674,0.31705,0.02,0.02
2013.02.05 01:00:30.324,0.31676,0.31712,0.02,0.03
2013.02.05 01:00:30.393,0.31683,0.31715,0.02,0.07
2013.02.05 01:00:31.321,0.31683,0.31715,0.02,0.07
2013.02.05 01:00:32.311,0.3168,0.31713,0.02,0.02
2013.02.05 01:00:36.381,0.31683,0.31717,0.02,0.02
2013.02.05 01:00:36.711,0.3168,0.31712,0.02,0.02
2013.02.05 01:00:36.841,0.31678,0.31713,0.02,0.05
2013.02.05 01:00:37.391,0.31674,0.31709,0.03,0.03
2013.02.05 01:00:40.092,0.31674,0.31704,0.02,0.02
2013.02.05 01:00:40.712,0.31678,0.31714,0.02,0.05
2013.02.05 01:00:40.936,0.3167,0.317,0.02,0.02
2013.02.05 01:00:41.491,0.31674,0.31705,0.03,0.02
2013.02.05 01:00:41.732,0.31681,0.31715,0.02,0.07
2013.02.05 01:00:42.631,0.31682,0.31715,0.02,0.06
2013.02.05 01:00:42.982,0.31683,0.31715,0.02,0.06
2013.02.05 01:00:43.348,0.31678,0.31713,0.02,0.05
2013.02.05 01:00:43.739,0.31676,0.31712,0.02,0.03
2013.02.05 01:00:44.681,0.31671,0.31703,0.03,0.02
2013.02.05 01:00:45.327,0.31678,0.31713,0.02,0.03
2013.02.05 01:00:46.325,0.31674,0.3171,0.03,0.03
2013.02.05 01:00:47.407,0.31677,0.31713,0.02,0.03
2013.02.05 01:00:47.461,0.31682,0.31716,0.02,0.02
2013.02.05 01:00:47.521,0.31683,0.31719,0.02,0.02
2013.02.05 01:00:47.581,0.31683,0.31723,0.02,0.03
2013.02.05 01:00:48.287,0.31683,0.31718,0.03,0.02
2013.02.05 01:00:48.891,0.31685,0.31719,0.02,0.03
2013.02.05 01:00:49.451,0.31684,0.3172,0.02,0.05
2013.02.05 01:00:49.962,0.31684,0.3172,0.02,0.03
2013.02.05 01:00:50.081,0.31686,0.31722,0.02,0.03
2013.02.05 01:00:50.401,0.31686,0.31722,0.02,0.02
2013.02.05 01:00:50.461,0.31684,0.31714,0.02,0.02
2013.02.05 01:00:51.411,0.31683,0.3172,0.02,0.03
2013.02.05 01:00:53.082,0.31684,0.31719,0.02,0.03
2013.02.05 01:00:54.611,0.31681,0.31711,0.02,0.02
2013.02.05 01:00:55.315,0.31683,0.31716,0.02,0.02
2013.02.05 01:00:55.895,0.31685,0.3172,0.02,0.02
2013.02.05 01:00:57.452,0.31683,0.31716,0.02,0.03
2013.02.05 01:00:58.067,0.31683,0.31719,0.03,0.02
2013.02.05 01:01:06.031,0.31684,0.31719,0.02,0.02
2013.02.05 01:01:06.091,0.31676,0.31706,0.02,0.02
2013.02.05 01:01:06.809,0.31684,0.31717,0.02,0.02
2013.02.05 01:01:08.911,0.31678,0.31712,0.02,0.03
2013.02.05 01:01:09.573,0.31684,0.31715,0.02,0.07
2013.02.05 01:01:10.412,0.31678,0.31709,0.02,0.02
2013.02.05 01:01:15.241,0.31674,0.31704,0.04,0.02
2013.02.05 01:01:15.361,0.31674,0.31714,0.02,0.07
2013.02.05 01:01:16.531,0.3167,0.317,0.02,0.02
2013.02.05 01:01:18.502,0.31673,0.31709,0.03,0.03
2013.02.05 01:01:19.053,0.31678,0.31713,0.02,0.04
2013.02.05 01:01:19.659,0.31673,0.31709,0.03,0.03
2013.02.05 01:01:38.432,0.31678,0.31713,0.02,0.04
2013.02.05 01:01:39.404,0.31674,0.3171,0.02,0.03
2013.02.05 01:01:45.799,0.31678,0.31715,0.02,0.06
2013.02.05 01:01:45.861,0.31684,0.31716,0.02,0.02
2013.02.05 01:01:46.402,0.31681,0.31714,0.02,0.02
2013.02.05 01:01:48.448,0.31681,0.31714,0.02,0.02
2013.02.05 01:01:48.502,0.31684,0.31717,0.02,0.02
2013.02.05 01:01:49.250,0.31684,0.31718,0.02,0.06
2013.02.05 01:01:49.801,0.31678,0.31709,0.02,0.02
2013.02.05 01:01:50.149,0.31679,0.31714,0.02,0.06
2013.02.05 01:01:50.818,0.31674,0.31713,0.02,0.02
2013.02.05 01:01:58.960,0.31669,0.317,0.03,0.02
2013.02.05 01:01:59.409,0.31674,0.3171,0.02,0.06
2013.02.05 01:01:59.542,0.31678,0.31714,0.02,0.02
2013.02.05 01:02:00.390,0.31673,0.31704,0.02,0.02
2013.02.05 01:02:00.512,0.31676,0.31713,0.02,0.02
2013.02.05 01:02:00.623,0.31678,0.31714,0.02,0.07
2013.02.05 01:02:01.499,0.31675,0.31712,0.02,0.02
2013.02.05 01:02:02.842,0.31674,0.31709,0.02,0.03
2013.02.05 01:02:02.962,0.31677,0.31713,0.02,0.06
2013.02.05 01:02:04.061,0.31678,0.31713,0.02,0.04
2013.02.05 01:02:04.649,0.31674,0.3171,0.02,0.03
2013.02.05 01:02:14.250,0.31673,0.31712,0.03,0.02
2013.02.05 01:02:14.311,0.31669,0.317,0.02,0.02
2013.02.05 01:02:14.940,0.31678,0.31714,0.02,0.02
2013.02.05 01:02:15.495,0.31673,0.31707,0.03,0.02
2013.02.05 01:02:19.901,0.31675,0.3171,0.02,0.04
2013.02.05 01:02:20.122,0.31674,0.31708,0.03,0.02
2013.02.05 01:02:20.731,0.31674,0.31706,0.02,0.03
2013.02.05 01:02:21.868,0.31674,0.31708,0.03,0.02
2013.02.05 01:02:22.523,0.31673,0.31706,0.02,0.02
2013.02.05 01:02:30.301,0.31674,0.31709,0.03,0.05
2013.02.05 01:02:30.471,0.31674,0.31708,0.02,0.02
2013.02.05 01:02:31.096,0.31674,0.31708,0.02,0.02
2013.02.05 01:02:31.611,0.31674,0.31706,0.02,0.03
2013.02.05 01:02:33.400,0.31673,0.31708,0.03,0.02
2013.02.05 01:02:33.994,0.31673,0.31704,0.02,0.02
2013.02.05 01:02:34.111,0.31674,0.31711,0.02,0.02
2013.02.05 01:02:34.720,0.31679,0.31714,0.02,0.06
2013.02.05 01:02:35.492,0.31673,0.31709,0.04,0.03
2013.02.05 01:02:44.231,0.31678,0.31714,0.02,0.06
2013.02.05 01:02:44.481,0.31681,0.31711,0.02,0.02
2013.02.05 01:02:44.541,0.3168,0.31711,0.03,0.03
2013.02.05 01:02:44.891,0.31684,0.31718,0.06,0.06
2013.02.05 01:02:45.441,0.31681,0.31711,0.02,0.02
2013.02.05 01:02:45.502,0.31688,0.31724,0.02,0.02
2013.02.05 01:02:45.562,0.31684,0.31716,0.02,0.02
2013.02.05 01:02:45.872,0.31691,0.31726,0.02,0.09
2013.02.05 01:02:46.297,0.31693,0.31725,0.02,0.03
2013.02.05 01:02:46.471,0.31684,0.31714,0.04,0.02
2013.02.05 01:02:46.983,0.31687,0.31724,0.02,0.07
2013.02.05 01:02:48.741,0.31681,0.31711,0.02,0.02
2013.02.05 01:02:49.050,0.31684,0.31715,0.03,0.03
2013.02.05 01:02:49.111,0.31684,0.31719,0.03,0.07
2013.02.05 01:02:50.532,0.31683,0.31716,0.02,0.02
2013.02.05 01:02:52.201,0.31683,0.31717,0.02,0.02
2013.02.05 01:02:52.719,0.31683,0.31715,0.02,0.03
2013.02.05 01:03:00.891,0.31681,0.31712,0.02,0.02
2013.02.05 01:03:00.951,0.31681,0.31713,0.02,0.02
2013.02.05 01:03:01.011,0.31684,0.31716,0.02,0.02
2013.02.05 01:03:01.582,0.31681,0.31713,0.02,0.03
2013.02.05 01:03:02.483,0.31684,0.31716,0.02,0.02
2013.02.05 01:03:02.541,0.31684,0.31719,0.02,0.05
2013.02.05 01:03:03.504,0.31682,0.31714,0.02,0.03
2013.02.05 01:03:06.881,0.31683,0.31714,0.02,0.03
2013.02.05 01:03:06.963,0.31683,0.31717,0.02,0.02
2013.02.05 01:03:07.369,0.31683,0.31717,0.02,0.02
2013.02.05 01:03:19.729,0.31684,0.31719,0.03,0.04
2013.02.05 01:03:20.609,0.31684,0.31715,0.02,0.03
2013.02.05 01:03:35.507,0.31685,0.31722,0.02,0.02
2013.02.05 01:03:36.015,0.31686,0.31722,0.02,0.03
2013.02.05 01:03:36.611,0.31683,0.31719,0.05,0.03
2013.02.05 01:03:36.732,0.31685,0.3172,0.02,0.06
2013.02.05 01:03:40.372,0.31677,0.31709,0.03,0.02
2013.02.05 01:03:40.534,0.31683,0.31719,0.03,0.06
2013.02.05 01:03:41.637,0.31684,0.31714,0.02,0.02
2013.02.05 01:03:49.362,0.3168,0.3171,0.02,0.02
2013.02.05 01:03:49.443,0.31684,0.3172,0.02,0.08
2013.02.05 01:03:49.602,0.31683,0.31718,0.03,0.02
2013.02.05 01:03:52.351,0.31684,0.3172,0.04,0.07
2013.02.05 01:03:52.671,0.31684,0.3172,0.02,0.08
2013.02.05 01:03:54.422,0.31685,0.31717,0.02,0.02
2013.02.05 01:03:54.591,0.31683,0.31716,0.03,0.03
2013.02.05 01:03:54.791,0.31685,0.31721,0.02,0.02
2013.02.05 01:03:54.922,0.31684,0.31719,0.03,0.06
2013.02.05 01:03:55.682,0.31683,0.31717,0.03,0.02
2013.02.05 01:04:02.223,0.31673,0.31705,0.02,0.02
2013.02.05 01:04:02.821,0.31683,0.31719,0.03,0.02
2013.02.05 01:04:03.698,0.31683,0.31715,0.02,0.07
2013.02.05 01:04:10.917,0.31678,0.31708,0.02,0.02
2013.02.05 01:04:11.032,0.31684,0.31718,0.02,0.03
2013.02.05 01:04:11.667,0.31684,0.31717,0.02,0.02
2013.02.05 01:04:12.272,0.31684,0.31717,0.02,0.02
2013.02.05 01:04:12.332,0.31684,0.31718,0.04,0.02
2013.02.05 01:04:12.730,0.31688,0.31721,0.02,0.02
2013.02.05 01:04:13.436,0.31687,0.31723,0.02,0.03
2013.02.05 01:04:14.080,0.31684,0.31719,0.03,0.03
2013.02.05 01:04:18.732,0.31684,0.31719,0.03,0.02
2013.02.05 01:04:18.852,0.31684,0.3172,0.03,0.02
2013.02.05 01:04:18.911,0.31675,0.31705,0.02,0.02
2013.02.05 01:04:18.972,0.31684,0.31717,0.03,0.03
2013.02.05 01:04:19.094,0.31677,0.31708,0.02,0.02
2013.02.05 01:04:19.212,0.31684,0.3172,0.02,0.02
2013.02.05 01:04:19.753,0.31684,0.31717,0.03,0.02
2013.02.05 01:04:20.753,0.31684,0.31717,0.02,0.02
2013.02.05 01:04:39.440,0.31684,0.3172,0.03,0.02
2013.02.05 01:04:39.760,0.31684,0.31716,0.03,0.03
2013.02.05 01:04:39.869,0.31684,0.31718,0.03,0.04
2013.02.05 01:04:40.749,0.31684,0.31717,0.03,0.02
2013.02.05 01:04:41.672,0.31681,0.31713,0.02,0.02
2013.02.05 01:04:41.791,0.31686,0.31722,0.02,0.02
2013.02.05 01:04:42.283,0.31688,0.31723,0.02,0.05
2013.02.05 01:04:42.619,0.31684,0.31718,0.04,0.02
2013.02.05 01:05:13.032,0.31678,0.3171,0.02,0.02
2013.02.05 01:05:13.555,0.31687,0.3172,0.02,0.05
2013.02.05 01:05:13.791,0.31684,0.31717,0.04,0.03
2013.02.05 01:05:28.962,0.31684,0.31719,0.05,0.03
2013.02.05 01:05:29.022,0.31686,0.31722,0.02,0.02
2013.02.05 01:05:29.819,0.31687,0.31722,0.02,0.02
2013.02.05 01:05:30.172,0.31691,0.31724,0.02,0.02
2013.02.05 01:05:32.082,0.31685,0.31715,0.02,0.02
2013.02.05 01:05:32.142,0.31689,0.31725,0.02,0.07
2013.02.05 01:05:32.793,0.31685,0.31721,0.02,0.03
2013.02.05 01:05:36.318,0.31684,0.31716,0.02,0.02
2013.02.05 01:05:38.593,0.3169,0.31726,0.02,0.08
2013.02.05 01:05:48.972,0.3169,0.31724,0.02,0.02
2013.02.05 01:05:49.862,0.31693,0.31726,0.02,0.06
2013.02.05 01:05:50.611,0.31693,0.31726,0.02,0.05
2013.02.05 01:05:51.290,0.31693,0.31726,0.02,0.07
2013.02.05 01:05:53.837,0.31681,0.31711,0.02,0.02
2013.02.05 01:05:53.952,0.31685,0.31715,0.02,0.02
2013.02.05 01:05:54.152,0.31688,0.31724,0.02,0.03
2013.02.05 01:05:54.761,0.31692,0.31725,0.02,0.07
2013.02.05 01:05:55.733,0.31689,0.31723,0.02,0.02
2013.02.05 01:06:00.077,0.31678,0.3171,0.02,0.02
2013.02.05 01:06:00.155,0.31685,0.3172,0.02,0.03
2013.02.05 01:06:00.802,0.31683,0.31718,0.05,0.03
2013.02.05 01:06:02.892,0.31683,0.31715,0.05,0.02
2013.02.05 01:06:02.952,0.31689,0.31725,0.02,0.06
2013.02.05 01:06:03.334,0.31694,0.31726,0.03,0.02
2013.02.05 01:06:03.902,0.31683,0.31714,0.06,0.02
2013.02.05 01:06:04.052,0.31688,0.31724,0.02,0.04
2013.02.05 01:06:04.579,0.31691,0.31726,0.02,0.02
2013.02.05 01:06:05.780,0.3169,0.31722,0.02,0.03
2013.02.05 01:06:06.002,0.31694,0.31729,0.02,0.02
2013.02.05 01:06:06.502,0.31687,0.31719,0.03,0.02
2013.02.05 01:06:06.768,0.31694,0.31729,0.02,0.04
2013.02.05 01:06:07.758,0.31693,0.31727,0.03,0.02
2013.02.05 01:06:10.488,0.31693,0.31729,0.03,0.05
2013.02.05 01:06:10.602,0.31694,0.31727,0.05,0.02
2013.02.05 01:06:10.722,0.31696,0.31731,0.02,0.06
2013.02.05 01:06:11.807,0.31694,0.31727,0.04,0.03
2013.02.05 01:06:12.482,0.31696,0.31731,0.02,0.06
2013.02.05 01:06:12.777,0.31694,0.31728,0.05,0.03
2013.02.05 01:06:13.022,0.31695,0.31731,0.02,0.06
2013.02.05 01:06:13.767,0.31693,0.3173,0.05,0.02
2013.02.05 01:06:15.106,0.31694,0.3173,0.05,0.02
2013.02.05 01:06:16.442,0.31694,0.31724,0.04,0.02
2013.02.05 01:06:16.562,0.31697,0.31733,0.02,0.02
2013.02.05 01:06:17.046,0.31704,0.31736,0.02,0.09
2013.02.05 01:06:17.862,0.317,0.31733,0.02,0.03
2013.02.05 01:06:18.212,0.31703,0.31736,0.03,0.07
2013.02.05 01:06:18.814,0.31704,0.31736,0.02,0.09
2013.02.05 01:06:19.140,0.31703,0.31738,0.03,0.03
2013.02.05 01:06:19.885,0.31703,0.31736,0.02,0.08
2013.02.05 01:06:26.033,0.31704,0.31738,0.03,0.02
2013.02.05 01:06:26.427,0.31704,0.31738,0.03,0.03
2013.02.05 01:06:26.744,0.31704,0.3174,0.02,0.03
2013.02.05 01:06:27.403,0.31705,0.31741,0.02,0.07
2013.02.05 01:06:27.843,0.31703,0.31739,0.04,0.02
2013.02.05 01:06:27.962,0.31699,0.31729,0.03,0.02
2013.02.05 01:06:28.292,0.31704,0.31739,0.05,0.06
2013.02.05 01:06:28.972,0.31704,0.31737,0.04,0.03
2013.02.05 01:06:31.147,0.31702,0.31732,0.03,0.02
2013.02.05 01:06:31.262,0.31704,0.3174,0.04,0.02
2013.02.05 01:06:31.570,0.31706,0.31742,0.02,0.04
2013.02.05 01:06:31.873,0.31704,0.31739,0.04,0.03
2013.02.05 01:06:33.862,0.31704,0.3174,0.02,0.03
2013.02.05 01:06:34.042,0.31704,0.31736,0.05,0.02
2013.02.05 01:06:34.102,0.31704,0.3174,0.05,0.03
2013.02.05 01:06:34.482,0.31705,0.31741,0.02,0.05
2013.02.05 01:06:36.912,0.31703,0.31739,0.05,0.02
2013.02.05 01:06:37.542,0.31698,0.31728,0.05,0.02
2013.02.05 01:06:37.922,0.31703,0.31737,0.04,0.02
2013.02.05 01:06:39.218,0.31703,0.31738,0.03,0.02
2013.02.05 01:06:39.421,0.31704,0.3174,0.02,0.02
2013.02.05 01:06:39.759,0.31706,0.31742,0.02,0.03
2013.02.05 01:06:39.932,0.31704,0.31739,0.05,0.06
2013.02.05 01:06:40.083,0.31704,0.31739,0.05,0.05
2013.02.05 01:06:40.894,0.31703,0.31738,0.03,0.02
2013.02.05 01:06:41.012,0.317,0.31732,0.02,0.02
2013.02.05 01:06:41.232,0.31697,0.31728,0.02,0.02
2013.02.05 01:06:41.915,0.31701,0.31731,0.02,0.02
2013.02.05 01:06:41.977,0.31705,0.31741,0.02,0.06
2013.02.05 01:06:42.302,0.31705,0.31736,0.02,0.02
2013.02.05 01:06:42.572,0.31703,0.31733,0.05,0.02
2013.02.05 01:06:42.737,0.31703,0.31735,0.06,0.02
2013.02.05 01:06:42.972,0.31702,0.31733,0.03,0.02
2013.02.05 01:06:44.398,0.31704,0.31739,0.02,0.02
2013.02.05 01:06:44.731,0.31712,0.31745,0.02,0.04
2013.02.05 01:06:45.266,0.31703,0.31734,0.05,0.02
2013.02.05 01:06:45.503,0.31707,0.31744,0.02,0.08
2013.02.05 01:06:47.484,0.31702,0.31733,0.03,0.02
2013.02.05 01:06:47.603,0.31705,0.31742,0.02,0.02
2013.02.05 01:06:47.662,0.31714,0.31745,0.02,0.02
2013.02.05 01:06:47.722,0.31704,0.31735,0.06,0.02
2013.02.05 01:06:47.978,0.31714,0.31746,0.02,0.03
2013.02.05 01:06:48.541,0.31704,0.31734,0.05,0.02
2013.02.05 01:06:48.662,0.31707,0.31744,0.02,0.07
2013.02.05 01:06:49.958,0.31704,0.31739,0.06,0.02
2013.02.05 01:06:52.467,0.31704,0.31742,0.06,0.02
2013.02.05 01:06:52.582,0.3171,0.31742,0.02,0.03
2013.02.05 01:06:52.942,0.31702,0.31733,0.03,0.02
2013.02.05 01:06:53.242,0.31706,0.31736,0.02,0.02
2013.02.05 01:06:53.327,0.31712,0.31746,0.02,0.03
2013.02.05 01:06:53.657,0.31711,0.31742,0.02,0.02
2013.02.05 01:06:54.329,0.31709,0.31744,0.02,0.04
2013.02.05 01:06:54.682,0.31705,0.31736,0.02,0.02
2013.02.05 01:06:54.967,0.31713,0.31746,0.02,0.06
2013.02.05 01:06:55.956,0.31713,0.31744,0.02,0.02
2013.02.05 01:06:56.132,0.31704,0.31734,0.06,0.02
2013.02.05 01:06:56.552,0.31706,0.31736,0.02,0.02
2013.02.05 01:06:57.256,0.31714,0.31748,0.02,0.02
2013.02.05 01:06:57.906,0.31714,0.31746,0.02,0.06
2013.02.05 01:06:59.322,0.31714,0.31746,0.02,0.06
2013.02.05 01:07:00.013,0.3171,0.31743,0.02,0.02
2013.02.05 01:07:01.052,0.31714,0.31746,0.02,0.02
2013.02.05 01:07:01.112,0.31714,0.31745,0.02,0.03
2013.02.05 01:07:01.172,0.3171,0.31741,0.02,0.02
2013.02.05 01:07:01.352,0.31714,0.31747,0.05,0.03
2013.02.05 01:07:01.712,0.31715,0.31751,0.02,0.05
2013.02.05 01:07:07.442,0.31714,0.31744,0.07,0.02
2013.02.05 01:07:08.092,0.31717,0.31754,0.02,0.05
2013.02.05 01:07:08.943,0.31714,0.31751,0.02,0.02
2013.02.05 01:07:09.412,0.31718,0.31754,0.02,0.04
2013.02.05 01:07:09.923,0.31713,0.31749,0.06,0.03
2013.02.05 01:07:10.222,0.31709,0.3174,0.06,0.02
2013.02.05 01:07:14.402,0.31713,0.31747,0.02,0.02
2013.02.05 01:07:14.522,0.3171,0.31742,0.02,0.03
2013.02.05 01:07:14.642,0.31713,0.31745,0.02,0.08
2013.02.05 01:07:14.911,0.31703,0.31733,0.03,0.02
2013.02.05 01:07:15.032,0.31704,0.31742,0.02,0.02
2013.02.05 01:07:15.092,0.31709,0.31745,0.02,0.03
2013.02.05 01:07:15.152,0.31705,0.31742,0.02,0.05
2013.02.05 01:07:16.153,0.31704,0.31742,0.03,0.05
2013.02.05 01:07:29.672,0.31703,0.3174,0.02,0.02
2013.02.05 01:07:32.812,0.31705,0.3174,0.02,0.02
2013.02.05 01:07:32.962,0.31704,0.31738,0.02,0.02
2013.02.05 01:07:33.022,0.31706,0.31742,0.02,0.06
2013.02.05 01:07:33.933,0.31703,0.31736,0.02,0.02
2013.02.05 01:07:34.742,0.31705,0.31742,0.02,0.05
2013.02.05 01:07:34.947,0.31703,0.31739,0.02,0.02
2013.02.05 01:07:35.063,0.31706,0.31742,0.02,0.04
2013.02.05 01:07:36.046,0.31703,0.31739,0.02,0.02
2013.02.05 01:07:37.596,0.31703,0.31737,0.02,0.02
2013.02.05 01:07:37.772,0.31705,0.31741,0.02,0.03
2013.02.05 01:07:38.030,0.31703,0.31736,0.02,0.02
2013.02.05 01:07:38.293,0.31705,0.31742,0.02,0.05
2013.02.05 01:07:39.052,0.31703,0.31737,0.02,0.03
2013.02.05 01:07:39.902,0.31703,0.3174,0.03,0.02
2013.02.05 01:07:39.962,0.31695,0.31726,0.03,0.02
2013.02.05 01:07:40.022,0.31703,0.31733,0.02,0.02
2013.02.05 01:07:40.502,0.31693,0.31732,0.03,0.07
2013.02.05 01:07:40.562,0.31698,0.31733,0.02,0.02
2013.02.05 01:07:40.752,0.31694,0.31728,0.02,0.03
2013.02.05 01:07:41.349,0.31696,0.31732,0.02,0.06
2013.02.05 01:07:41.680,0.31694,0.31724,0.02,0.02
2013.02.05 01:07:41.843,0.31698,0.31734,0.02,0.07
2013.02.05 01:07:41.902,0.31696,0.31727,0.02,0.02
2013.02.05 01:07:42.342,0.31699,0.31732,0.02,0.03
2013.02.05 01:07:43.293,0.31704,0.31738,0.02,0.03
2013.02.05 01:07:43.633,0.31703,0.31738,0.03,0.07
2013.02.05 01:07:44.035,0.31703,0.31735,0.02,0.03
2013.02.05 01:07:44.254,0.31704,0.3174,0.02,0.02
2013.02.05 01:07:45.133,0.31703,0.31735,0.02,0.03
2013.02.05 01:08:01.265,0.317,0.31732,0.02,0.02
2013.02.05 01:08:01.442,0.31704,0.31741,0.03,0.02
2013.02.05 01:08:01.933,0.31704,0.31738,0.03,0.02
2013.02.05 01:08:03.573,0.31704,0.31739,0.03,0.03
2013.02.05 01:08:04.013,0.31704,0.31741,0.04,0.02
2013.02.05 01:08:04.860,0.31707,0.31742,0.02,0.06
2013.02.05 01:08:05.502,0.31704,0.31741,0.04,0.02
2013.02.05 01:08:12.216,0.31702,0.31733,0.02,0.02
2013.02.05 01:08:12.893,0.31707,0.31743,0.02,0.07
2013.02.05 01:08:13.559,0.31708,0.31743,0.02,0.07
2013.02.05 01:08:14.038,0.31705,0.31742,0.02,0.02
2013.02.05 01:08:14.803,0.31707,0.31743,0.02,0.07
2013.02.05 01:08:16.096,0.31705,0.31742,0.02,0.02
2013.02.05 01:08:17.176,0.31708,0.31743,0.02,0.07
2013.02.05 01:08:18.056,0.31704,0.31741,0.04,0.02
2013.02.05 01:08:18.609,0.31707,0.31743,0.02,0.07
2013.02.05 01:08:19.282,0.31705,0.31742,0.02,0.02
2013.02.05 01:08:22.012,0.31708,0.31743,0.02,0.07
2013.02.05 01:08:23.022,0.31704,0.31741,0.02,0.02
2013.02.05 01:08:23.630,0.31707,0.31743,0.02,0.07
2013.02.05 01:08:24.603,0.31705,0.31741,0.02,0.02
2013.02.05 01:08:25.279,0.31703,0.31738,0.04,0.02
2013.02.05 01:08:25.782,0.31709,0.31745,0.02,0.02
2013.02.05 01:08:26.064,0.31705,0.31741,0.02,0.02
2013.02.05 01:08:26.233,0.31708,0.31743,0.02,0.07
2013.02.05 01:08:27.103,0.31704,0.31739,0.02,0.02
2013.02.05 01:08:32.552,0.31702,0.31732,0.02,0.02
2013.02.05 01:08:33.083,0.31704,0.31738,0.03,0.03
2013.02.05 01:08:40.532,0.31705,0.31741,0.02,0.06
2013.02.05 01:08:40.592,0.31698,0.31728,0.03,0.02
2013.02.05 01:08:40.712,0.31704,0.31738,0.03,0.05
2013.02.05 01:08:44.563,0.31704,0.31739,0.03,0.02
2013.02.05 01:08:44.623,0.31705,0.31742,0.02,0.05
2013.02.05 01:08:45.163,0.31708,0.31743,0.02,0.04
2013.02.05 01:08:45.874,0.31699,0.31731,0.03,0.02
2013.02.05 01:08:46.552,0.31707,0.31743,0.02,0.02
2013.02.05 01:08:47.119,0.31704,0.31738,0.03,0.02
2013.02.05 01:08:50.662,0.31705,0.31741,0.02,0.02
2013.02.05 01:08:50.838,0.31704,0.31739,0.03,0.04
2013.02.05 01:08:51.202,0.31704,0.31737,0.03,0.02
2013.02.05 01:08:51.840,0.31704,0.31737,0.03,0.02
2013.02.05 01:08:52.358,0.31704,0.31736,0.02,0.03
2013.02.05 01:09:12.942,0.31704,0.31738,0.03,0.02
2013.02.05 01:09:15.671,0.31703,0.31739,0.03,0.04
2013.02.05 01:09:17.852,0.31703,0.31737,0.03,0.02
2013.02.05 01:09:18.203,0.31704,0.31739,0.02,0.04
2013.02.05 01:09:19.272,0.31703,0.31736,0.03,0.03
2013.02.05 01:09:29.243,0.31701,0.31733,0.02,0.02
2013.02.05 01:09:29.833,0.31702,0.31734,0.02,0.02
2013.02.05 01:09:30.579,0.317,0.31733,0.02,0.02
2013.02.05 01:09:32.293,0.31693,0.31723,0.02,0.02
2013.02.05 01:09:33.214,0.31694,0.3173,0.03,0.03
2013.02.05 01:09:40.213,0.31689,0.31721,0.03,0.02
2013.02.05 01:09:40.393,0.31694,0.31728,0.03,0.03
2013.02.05 01:09:40.855,0.31696,0.31731,0.02,0.04
2013.02.05 01:09:41.180,0.31694,0.31728,0.03,0.06
2013.02.05 01:09:41.826,0.31695,0.31731,0.02,0.02
2013.02.05 01:09:42.155,0.31694,0.31728,0.03,0.08
2013.02.05 01:09:42.832,0.31694,0.31728,0.03,0.06
2013.02.05 01:09:43.491,0.31694,0.31728,0.04,0.07
2013.02.05 01:09:48.700,0.3169,0.31722,0.02,0.02
2013.02.05 01:09:48.882,0.31695,0.31731,0.02,0.02
2013.02.05 01:09:50.293,0.31693,0.31728,0.04,0.02
2013.02.05 01:10:13.193,0.31693,0.3173,0.04,0.02
2013.02.05 01:10:13.253,0.31693,0.31727,0.04,0.03
2013.02.05 01:10:14.294,0.31693,0.31724,0.02,0.03
2013.02.05 01:10:14.969,0.31693,0.31725,0.02,0.03
2013.02.05 01:10:15.631,0.3169,0.31722,0.02,0.02
2013.02.05 01:10:19.193,0.31693,0.31727,0.03,0.02
2013.02.05 01:10:19.312,0.31693,0.31725,0.03,0.03
2013.02.05 01:10:20.303,0.31694,0.31726,0.02,0.03
2013.02.05 01:10:21.286,0.31691,0.31724,0.02,0.02
2013.02.05 01:10:28.252,0.31685,0.31716,0.02,0.02
2013.02.05 01:10:28.312,0.31683,0.31721,0.02,0.06
2013.02.05 01:10:28.983,0.31685,0.31721,0.02,0.07
2013.02.05 01:10:29.392,0.31687,0.31723,0.02,0.03
2013.02.05 01:10:30.314,0.31683,0.31719,0.02,0.02
2013.02.05 01:10:35.032,0.31679,0.31713,0.02,0.05
2013.02.05 01:10:35.272,0.31676,0.31713,0.02,0.07
2013.02.05 01:10:35.392,0.31679,0.31715,0.02,0.02
2013.02.05 01:10:35.632,0.31682,0.31714,0.02,0.02
2013.02.05 01:10:35.813,0.31684,0.31721,0.02,0.02
2013.02.05 01:10:36.242,0.31684,0.31718,0.03,0.04
2013.02.05 01:10:36.981,0.31684,0.31718,0.03,0.04
2013.02.05 01:10:37.222,0.31684,0.31716,0.03,0.02
2013.02.05 01:10:38.562,0.31684,0.31721,0.02,0.02
2013.02.05 01:10:39.305,0.31683,0.31718,0.03,0.04
2013.02.05 01:10:39.633,0.31684,0.3172,0.02,0.03
2013.02.05 01:10:40.304,0.31683,0.31716,0.03,0.02
2013.02.05 01:10:41.702,0.31683,0.31714,0.02,0.03
2013.02.05 01:10:44.244,0.3168,0.31712,0.02,0.03
2013.02.05 01:10:45.000,0.31684,0.31716,0.02,0.07
2013.02.05 01:10:45.353,0.31684,0.31718,0.02,0.02
2013.02.05 01:10:45.892,0.31684,0.31716,0.03,0.05
2013.02.05 01:10:46.073,0.31676,0.31708,0.03,0.02
2013.02.05 01:10:46.329,0.31685,0.31721,0.02,0.02
2013.02.05 01:10:47.309,0.31684,0.31721,0.02,0.02
2013.02.05 01:10:48.304,0.31683,0.31717,0.03,0.03
2013.02.05 01:10:49.463,0.31679,0.31709,0.02,0.02
2013.02.05 01:10:49.642,0.31684,0.31719,0.02,0.07
2013.02.05 01:10:50.457,0.31683,0.31717,0.03,0.03
2013.02.05 01:10:56.544,0.31684,0.31719,0.03,0.07
2013.02.05 01:10:57.313,0.31684,0.31718,0.03,0.02
2013.02.05 01:10:59.166,0.31684,0.31719,0.03,0.07
2013.02.05 01:10:59.752,0.31684,0.31718,0.03,0.05
2013.02.05 01:11:03.242,0.31674,0.31704,0.02,0.02
2013.02.05 01:11:03.492,0.31681,0.31716,0.02,0.02
2013.02.05 01:11:03.552,0.31679,0.31714,0.02,0.04
2013.02.05 01:11:04.584,0.3168,0.31716,0.02,0.02
2013.02.05 01:11:05.405,0.31675,0.31712,0.02,0.02
2013.02.05 01:11:07.462,0.31673,0.31703,0.02,0.02
2013.02.05 01:11:08.036,0.31678,0.31713,0.02,0.06
2013.02.05 01:11:08.550,0.31676,0.31713,0.02,0.08
2013.02.05 01:11:12.362,0.31675,0.31705,0.02,0.02
2013.02.05 01:11:12.443,0.31679,0.31715,0.02,0.06
2013.02.05 01:11:12.773,0.31682,0.31716,0.02,0.02
2013.02.05 01:11:13.352,0.31684,0.31717,0.02,0.02
2013.02.05 01:11:13.952,0.31677,0.31709,0.03,0.02
2013.02.05 01:11:14.093,0.31684,0.31721,0.02,0.03
2013.02.05 01:11:14.889,0.31684,0.31717,0.02,0.02
2013.02.05 01:11:15.559,0.31683,0.31719,0.03,0.07
2013.02.05 01:11:25.932,0.31685,0.31721,0.02,0.02
2013.02.05 01:11:40.144,0.31687,0.31723,0.02,0.03
2013.02.05 01:11:40.203,0.31688,0.31724,0.02,0.06
2013.02.05 01:11:40.263,0.31692,0.31726,0.02,0.02
2013.02.05 01:11:40.772,0.31684,0.31715,0.05,0.02
2013.02.05 01:11:41.336,0.31692,0.31723,0.02,0.02
2013.02.05 01:11:45.872,0.31686,0.31716,0.02,0.02
2013.02.05 01:11:45.933,0.31692,0.31726,0.02,0.08
2013.02.05 01:11:46.381,0.31683,0.31713,0.06,0.02
2013.02.05 01:11:47.329,0.31686,0.31723,0.02,0.05
2013.02.05 01:11:51.164,0.31688,0.31723,0.02,0.04
2013.02.05 01:11:51.554,0.3169,0.31726,0.02,0.03
2013.02.05 01:11:52.383,0.31686,0.31723,0.02,0.06
2013.02.05 01:12:00.963,0.31688,0.31723,0.02,0.04
2013.02.05 01:12:01.483,0.31689,0.31724,0.02,0.02
2013.02.05 01:12:02.353,0.31687,0.31723,0.02,0.04
2013.02.05 01:12:03.330,0.31688,0.31723,0.02,0.04
2013.02.05 01:12:03.463,0.3169,0.31726,0.02,0.02
2013.02.05 01:12:04.462,0.31686,0.31723,0.02,0.06
2013.02.05 01:12:12.178,0.31689,0.31724,0.02,0.02
2013.02.05 01:12:12.413,0.31685,0.31721,0.02,0.03
2013.02.05 01:12:12.518,0.3169,0.31726,0.02,0.02
2013.02.05 01:12:13.394,0.31686,0.31722,0.02,0.02
2013.02.05 01:12:16.063,0.31687,0.31723,0.02,0.04
2013.02.05 01:12:16.144,0.31689,0.31724,0.02,0.02
2013.02.05 01:12:17.516,0.31687,0.31723,0.02,0.04
2013.02.05 01:12:19.918,0.31685,0.31715,0.02,0.02
2013.02.05 01:12:20.483,0.31693,0.31724,0.02,0.03
2013.02.05 01:12:27.683,0.31687,0.31718,0.02,0.02
2013.02.05 01:12:27.743,0.31694,0.31726,0.02,0.03
2013.02.05 01:12:28.130,0.31694,0.3173,0.03,0.02
2013.02.05 01:12:28.415,0.31694,0.31728,0.03,0.08
2013.02.05 01:12:48.922,0.31694,0.31728,0.03,0.06
2013.02.05 01:12:58.990,0.3169,0.31721,0.02,0.02
2013.02.05 01:12:59.494,0.31694,0.31729,0.02,0.02
2013.02.05 01:12:59.554,0.31693,0.31728,0.04,0.03
2013.02.05 01:13:03.602,0.31693,0.31723,0.03,0.02
2013.02.05 01:13:04.064,0.31703,0.31735,0.02,0.02
2013.02.05 01:13:04.183,0.31695,0.31726,0.02,0.02
2013.02.05 01:13:04.503,0.31704,0.31738,0.02,0.02
2013.02.05 01:13:04.655,0.31704,0.31739,0.03,0.06
2013.02.05 01:13:05.583,0.31704,0.31738,0.03,0.02
2013.02.05 01:13:06.904,0.31704,0.31739,0.03,0.06
2013.02.05 01:13:07.608,0.31704,0.31738,0.03,0.02
2013.02.05 01:13:08.053,0.31704,0.31735,0.03,0.03
2013.02.05 01:13:08.173,0.31704,0.31739,0.03,0.02
2013.02.05 01:13:08.704,0.31705,0.31742,0.02,0.05
2013.02.05 01:13:09.483,0.31704,0.31737,0.03,0.03
2013.02.05 01:13:09.894,0.31699,0.31729,0.02,0.02
2013.02.05 01:13:10.244,0.31703,0.31738,0.04,0.02
2013.02.05 01:13:10.483,0.31703,0.31736,0.03,0.03
2013.02.05 01:13:11.091,0.31703,0.31739,0.03,0.07
2013.02.05 01:13:11.751,0.31703,0.31737,0.03,0.02
2013.02.05 01:13:12.423,0.31696,0.31727,0.03,0.02
2013.02.05 01:13:12.943,0.31703,0.31737,0.02,0.08
2013.02.05 01:13:13.574,0.317,0.31733,0.02,0.03
2013.02.05 01:13:14.314,0.31703,0.31737,0.03,0.03
2013.02.05 01:13:14.723,0.31704,0.31739,0.02,0.06
2013.02.05 01:13:15.563,0.31704,0.31734,0.03,0.02
2013.02.05 01:13:15.713,0.31705,0.31741,0.02,0.03
2013.02.05 01:13:16.494,0.31704,0.31736,0.03,0.03
2013.02.05 01:13:27.533,0.31704,0.31739,0.03,0.02
2013.02.05 01:13:27.653,0.31705,0.31742,0.02,0.08
2013.02.05 01:13:29.709,0.31706,0.31742,0.02,0.08
2013.02.05 01:13:30.603,0.31704,0.3174,0.05,0.03
2013.02.05 01:13:30.723,0.31707,0.31744,0.02,0.05
2013.02.05 01:13:31.578,0.31704,0.3174,0.05,0.03
2013.02.05 01:13:32.161,0.31707,0.31742,0.02,0.07
2013.02.05 01:13:32.829,0.31704,0.3174,0.04,0.02
2013.02.05 01:13:33.134,0.31698,0.31728,0.02,0.02
2013.02.05 01:13:33.253,0.31701,0.31731,0.02,0.02
2013.02.05 01:13:33.313,0.31704,0.31737,0.02,0.03
2013.02.05 01:13:33.543,0.31703,0.31736,0.03,0.03
2013.02.05 01:13:33.654,0.31704,0.31741,0.02,0.08
2013.02.05 01:13:34.305,0.31705,0.31739,0.02,0.03
2013.02.05 01:13:34.574,0.31703,0.31738,0.03,0.02
2013.02.05 01:13:40.913,0.31699,0.31729,0.02,0.02
2013.02.05 01:13:43.693,0.31704,0.31737,0.03,0.06
2013.02.05 01:13:43.753,0.31702,0.31735,0.03,0.03
2013.02.05 01:13:45.249,0.31703,0.31734,0.02,0.02
2013.02.05 01:13:46.010,0.31703,0.31737,0.02,0.08
2013.02.05 01:13:46.535,0.317,0.31733,0.02,0.02
2013.02.05 01:13:48.023,0.31703,0.31737,0.02,0.07
2013.02.05 01:13:48.516,0.31704,0.31735,0.03,0.02
2013.02.05 01:13:51.462,0.31703,0.31736,0.02,0.03
2013.02.05 01:13:52.069,0.31703,0.31735,0.02,0.03
2013.02.05 01:13:56.303,0.31703,0.31737,0.02,0.07
2013.02.05 01:13:56.613,0.31703,0.31733,0.02,0.02
2013.02.05 01:13:57.270,0.31703,0.31737,0.03,0.06
2013.02.05 01:13:57.951,0.31703,0.31733,0.02,0.02
2013.02.05 01:14:00.762,0.31703,0.31737,0.02,0.08
2013.02.05 01:14:01.622,0.317,0.31732,0.02,0.03
2013.02.05 01:14:03.935,0.31703,0.31737,0.03,0.06
2013.02.05 01:14:04.183,0.31704,0.31736,0.02,0.02
2013.02.05 01:14:04.704,0.31704,0.31736,0.02,0.02
2013.02.05 01:14:05.633,0.31701,0.31734,0.02,0.02
2013.02.05 01:14:08.329,0.31704,0.31737,0.03,0.05
2013.02.05 01:14:08.659,0.31702,0.31733,0.03,0.02
2013.02.05 01:14:23.856,0.31704,0.31736,0.02,0.02
2013.02.05 01:14:24.682,0.31702,0.31735,0.02,0.02
2013.02.05 01:14:25.175,0.31704,0.31736,0.03,0.02
2013.02.05 01:14:25.615,0.31704,0.31735,0.03,0.02
2013.02.05 01:14:25.839,0.31703,0.31737,0.02,0.06
2013.02.05 01:14:26.670,0.31703,0.31736,0.02,0.03
2013.02.05 01:14:27.350,0.317,0.31732,0.02,0.03
2013.02.05 01:14:27.743,0.31704,0.31736,0.03,0.02
2013.02.05 01:14:28.370,0.31704,0.31737,0.03,0.05
2013.02.05 01:14:28.879,0.31704,0.31736,0.02,0.02
2013.02.05 01:14:38.182,0.31701,0.31733,0.02,0.03
2013.02.05 01:14:39.612,0.317,0.31732,0.02,0.03
2013.02.05 01:14:43.790,0.317,0.31733,0.02,0.02
2013.02.05 01:14:44.583,0.31704,0.31735,0.02,0.02
2013.02.05 01:14:44.643,0.31702,0.31735,0.03,0.02
2013.02.05 01:14:44.862,0.31704,0.31736,0.02,0.02
2013.02.05 01:14:45.763,0.31701,0.31734,0.02,0.02
2013.02.05 01:14:45.823,0.31703,0.31737,0.02,0.02
2013.02.05 01:14:46.705,0.31701,0.31734,0.02,0.02
2013.02.05 01:14:47.023,0.31703,0.31737,0.03,0.02
2013.02.05 01:14:47.253,0.31703,0.31737,0.03,0.02
2013.02.05 01:14:47.680,0.31703,0.31736,0.03,0.02
2013.02.05 01:14:48.173,0.31704,0.31736,0.02,0.02
2013.02.05 01:15:00.252,0.31703,0.31735,0.02,0.02
2013.02.05 01:15:00.432,0.31703,0.31737,0.02,0.03
2013.02.05 01:15:01.013,0.31703,0.31737,0.03,0.02
2013.02.05 01:15:01.360,0.31699,0.31729,0.02,0.02
2013.02.05 01:15:01.803,0.31698,0.31728,0.02,0.02
2013.02.05 01:15:02.674,0.317,0.31731,0.03,0.02
2013.02.05 01:15:02.733,0.31703,0.31737,0.03,0.02
2013.02.05 01:15:02.853,0.31705,0.31741,0.02,0.05
2013.02.05 01:15:03.793,0.31704,0.31739,0.03,0.02
2013.02.05 01:15:04.903,0.31699,0.31729,0.03,0.02
2013.02.05 01:15:05.429,0.31704,0.31739,0.02,0.06
2013.02.05 01:15:05.686,0.31703,0.31738,0.03,0.02
2013.02.05 01:15:06.344,0.31704,0.31739,0.02,0.06
2013.02.05 01:15:06.523,0.31711,0.31743,0.03,0.03
2013.02.05 01:15:06.583,0.31714,0.31746,0.03,0.07
2013.02.05 01:15:07.130,0.31713,0.31745,0.03,0.02
2013.02.05 01:15:07.770,0.31713,0.31745,0.03,0.02
2013.02.05 01:15:20.364,0.31713,0.31746,0.02,0.06
2013.02.05 01:15:20.643,0.3171,0.31742,0.02,0.02
2013.02.05 01:15:22.203,0.31714,0.31746,0.03,0.07
2013.02.05 01:15:22.755,0.31708,0.31744,0.02,0.03
2013.02.05 01:15:23.035,0.31703,0.31733,0.05,0.02
2013.02.05 01:15:23.736,0.31704,0.3174,0.04,0.02
2013.02.05 01:15:23.803,0.317,0.31731,0.03,0.02
2013.02.05 01:15:24.422,0.31707,0.31744,0.02,0.02
2013.02.05 01:15:24.691,0.31704,0.3174,0.04,0.02
2013.02.05 01:15:27.203,0.31708,0.31745,0.02,0.02
2013.02.05 01:15:27.263,0.31701,0.31733,0.03,0.02
2013.02.05 01:15:27.710,0.31704,0.3174,0.04,0.03
2013.02.05 01:15:52.325,0.31708,0.31743,0.02,0.04
2013.02.05 01:15:52.680,0.31703,0.3174,0.03,0.03
2013.02.05 01:15:52.754,0.31704,0.3174,0.02,0.03
2013.02.05 01:15:53.511,0.31707,0.31743,0.02,0.03
2013.02.05 01:15:54.171,0.31704,0.3174,0.02,0.03
2013.02.05 01:16:00.676,0.31698,0.31729,0.05,0.02
2013.02.05 01:16:00.973,0.31703,0.31739,0.03,0.06
2013.02.05 01:16:01.603,0.31704,0.3174,0.04,0.03
2013.02.05 01:16:01.853,0.31709,0.31744,0.02,0.06
2013.02.05 01:16:02.813,0.31707,0.31742,0.02,0.06
2013.02.05 01:16:03.833,0.31704,0.3174,0.03,0.02
2013.02.05 01:16:04.023,0.31698,0.31728,0.02,0.02
2013.02.05 01:16:04.824,0.31704,0.31738,0.03,0.07
2013.02.05 01:16:08.173,0.31705,0.31742,0.02,0.08
2013.02.05 01:16:08.493,0.31704,0.31734,0.04,0.02
2013.02.05 01:16:08.763,0.31708,0.31744,0.02,0.05
2013.02.05 01:16:09.470,0.31707,0.31743,0.02,0.03
2013.02.05 01:16:10.142,0.31704,0.3174,0.02,0.03
2013.02.05 01:16:13.623,0.31708,0.31744,0.02,0.05
2013.02.05 01:16:14.201,0.31709,0.31744,0.02,0.05
2013.02.05 01:16:14.829,0.31705,0.31741,0.02,0.03
2013.02.05 01:16:16.072,0.31699,0.31731,0.02,0.02
2013.02.05 01:16:16.780,0.31706,0.31741,0.02,0.04
2013.02.05 01:16:17.443,0.31703,0.31739,0.04,0.02
2013.02.05 01:16:19.734,0.31697,0.31728,0.03,0.02
2013.02.05 01:16:19.973,0.31704,0.31737,0.03,0.02
2013.02.05 01:16:21.141,0.31703,0.31735,0.03,0.03
2013.02.05 01:16:21.453,0.31705,0.31741,0.02,0.03
2013.02.05 01:16:22.172,0.31706,0.31742,0.02,0.04
2013.02.05 01:16:22.674,0.31704,0.31741,0.02,0.02
2013.02.05 01:16:22.803,0.31699,0.31729,0.02,0.02
2013.02.05 01:16:25.977,0.317,0.31732,0.03,0.02
2013.02.05 01:16:26.273,0.31705,0.31741,0.02,0.03
2013.02.05 01:16:26.815,0.31706,0.31742,0.02,0.05
2013.02.05 01:16:27.546,0.31698,0.31728,0.02,0.02
2013.02.05 01:16:27.933,0.31703,0.31738,0.03,0.03
2013.02.05 01:16:28.863,0.317,0.31731,0.03,0.02
2013.02.05 01:16:28.923,0.31705,0.31741,0.02,0.07
2013.02.05 01:16:29.794,0.31704,0.31737,0.04,0.03
2013.02.05 01:16:30.203,0.31705,0.31743,0.03,0.02
2013.02.05 01:16:30.833,0.31704,0.31737,0.04,0.03
2013.02.05 01:16:30.894,0.31705,0.31741,0.02,0.07
2013.02.05 01:16:31.765,0.31704,0.31739,0.04,0.02
2013.02.05 01:16:31.903,0.31706,0.31741,0.02,0.07
2013.02.05 01:16:32.803,0.31703,0.31738,0.04,0.03
2013.02.05 01:16:33.258,0.31697,0.31727,0.03,0.02
2013.02.05 01:16:33.563,0.31703,0.31737,0.03,0.08
2013.02.05 01:16:34.577,0.31698,0.31729,0.03,0.02
2013.02.05 01:16:34.813,0.31703,0.31735,0.02,0.03
2013.02.05 01:16:34.873,0.31703,0.31739,0.03,0.03
2013.02.05 01:16:35.293,0.31705,0.3174,0.02,0.02
2013.02.05 01:16:36.247,0.31699,0.31729,0.02,0.02
2013.02.05 01:16:36.483,0.31704,0.31739,0.03,0.06
2013.02.05 01:16:37.091,0.31704,0.31737,0.03,0.02
2013.02.05 01:16:37.823,0.31704,0.31736,0.02,0.03
2013.02.05 01:16:50.273,0.31699,0.31731,0.03,0.02
2013.02.05 01:16:50.393,0.31704,0.31741,0.02,0.07
2013.02.05 01:16:50.834,0.31707,0.31743,0.02,0.02
2013.02.05 01:16:51.763,0.31704,0.3174,0.03,0.03
2013.02.05 01:16:52.314,0.31704,0.31739,0.03,0.02
2013.02.05 01:17:01.603,0.31704,0.3174,0.05,0.02
2013.02.05 01:17:02.037,0.31707,0.31744,0.02,0.02
2013.02.05 01:17:02.820,0.31704,0.31741,0.02,0.08
2013.02.05 01:17:03.346,0.31706,0.31741,0.02,0.06
2013.02.05 01:17:04.020,0.31703,0.31739,0.05,0.03
2013.02.05 01:17:12.243,0.31704,0.31737,0.03,0.02
2013.02.05 01:17:12.303,0.31704,0.3174,0.03,0.03
2013.02.05 01:17:12.465,0.31704,0.31739,0.03,0.02
2013.02.05 01:17:16.123,0.31703,0.31738,0.04,0.03
2013.02.05 01:17:16.243,0.31704,0.31744,0.05,0.05
2013.02.05 01:17:16.633,0.31703,0.31739,0.03,0.07
2013.02.05 01:17:17.547,0.31699,0.31731,0.03,0.02
2013.02.05 01:17:18.086,0.31703,0.31741,0.03,0.06
2013.02.05 01:17:18.223,0.31703,0.31733,0.04,0.02
2013.02.05 01:17:18.923,0.31702,0.31732,0.02,0.02
2013.02.05 01:17:18.983,0.31699,0.31729,0.02,0.02
2013.02.05 01:17:19.263,0.31704,0.31738,0.03,0.03
2013.02.05 01:17:19.543,0.317,0.31732,0.02,0.02
2013.02.05 01:17:20.074,0.31707,0.31742,0.02,0.05
2013.02.05 01:17:20.913,0.31705,0.31741,0.02,0.02
2013.02.05 01:17:21.413,0.31699,0.31729,0.02,0.02
2013.02.05 01:17:22.113,0.31703,0.31739,0.03,0.03
2013.02.05 01:17:22.277,0.31701,0.31731,0.02,0.02
2013.02.05 01:17:22.673,0.31705,0.31741,0.02,0.06
2013.02.05 01:17:22.733,0.31703,0.31734,0.05,0.02
2013.02.05 01:17:23.843,0.31706,0.31744,0.02,0.07
2013.02.05 01:17:24.283,0.31705,0.31736,0.02,0.02
2013.02.05 01:17:24.744,0.31713,0.31746,0.03,0.07
2013.02.05 01:17:25.586,0.31703,0.31733,0.03,0.02
2013.02.05 01:17:25.763,0.31707,0.31743,0.02,0.06
2013.02.05 01:17:26.004,0.31709,0.31745,0.02,0.02
2013.02.05 01:17:26.941,0.31704,0.31738,0.04,0.02
2013.02.05 01:17:27.271,0.31709,0.31745,0.02,0.02
2013.02.05 01:17:27.931,0.31705,0.31741,0.02,0.03
2013.02.05 01:17:28.083,0.3171,0.31745,0.02,0.02
2013.02.05 01:17:28.143,0.3171,0.31744,0.02,0.03
2013.02.05 01:17:28.503,0.31713,0.31749,0.04,0.05
2013.02.05 01:17:28.943,0.31713,0.31747,0.04,0.02
2013.02.05 01:17:29.473,0.31711,0.31746,0.02,0.02
2013.02.05 01:17:29.593,0.31709,0.31746,0.02,0.03
2013.02.05 01:17:29.801,0.31707,0.31743,0.02,0.05
2013.02.05 01:17:30.053,0.31709,0.31745,0.02,0.02
2013.02.05 01:17:30.644,0.31703,0.31735,0.04,0.02
2013.02.05 01:17:31.133,0.31713,0.31744,0.03,0.03
2013.02.05 01:17:31.395,0.31713,0.31749,0.04,0.05
2013.02.05 01:17:31.754,0.31706,0.31736,0.02,0.02
2013.02.05 01:17:31.814,0.31713,0.31746,0.03,0.04
2013.02.05 01:17:31.873,0.31703,0.31734,0.04,0.02
2013.02.05 01:17:32.123,0.31707,0.31744,0.02,0.05
2013.02.05 01:17:32.933,0.31713,0.31744,0.02,0.05
2013.02.05 01:17:33.727,0.31712,0.31744,0.02,0.03
2013.02.05 01:17:33.801,0.31713,0.31748,0.03,0.03
2013.02.05 01:17:35.513,0.3171,0.31741,0.02,0.02
2013.02.05 01:17:35.863,0.31715,0.31751,0.02,0.04
2013.02.05 01:17:35.983,0.31714,0.3175,0.05,0.02
2013.02.05 01:17:36.064,0.31716,0.31751,0.02,0.04
2013.02.05 01:17:36.928,0.31714,0.31749,0.05,0.02
2013.02.05 01:17:37.303,0.31708,0.31738,0.02,0.02
2013.02.05 01:17:37.363,0.31714,0.31747,0.03,0.02
2013.02.05 01:17:37.423,0.31714,0.3175,0.04,0.02
2013.02.05 01:17:37.483,0.3171,0.3174,0.03,0.02
2013.02.05 01:17:38.034,0.31716,0.31752,0.02,0.03
2013.02.05 01:17:38.153,0.31715,0.31745,0.02,0.02
2013.02.05 01:17:39.933,0.31719,0.31751,0.02,0.03
2013.02.05 01:17:40.366,0.31717,0.31748,0.02,0.02
2013.02.05 01:17:40.423,0.31723,0.31758,0.03,0.08
2013.02.05 01:17:45.096,0.31723,0.31754,0.02,0.03
2013.02.05 01:17:46.074,0.31723,0.31756,0.03,0.02
2013.02.05 01:17:47.915,0.31724,0.3176,0.04,0.05
2013.02.05 01:17:48.966,0.31723,0.31756,0.03,0.02
2013.02.05 01:17:49.544,0.31723,0.31758,0.04,0.02
2013.02.05 01:17:50.283,0.31724,0.31754,0.02,0.02
2013.02.05 01:17:50.343,0.31724,0.31757,0.02,0.02
2013.02.05 01:17:50.403,0.31724,0.31758,0.03,0.03
2013.02.05 01:17:50.514,0.31724,0.31758,0.03,0.04
2013.02.05 01:17:52.375,0.31724,0.31759,0.02,0.02
2013.02.05 01:17:53.014,0.31721,0.31756,0.02,0.03
2013.02.05 01:17:53.573,0.31719,0.31749,0.02,0.02
2013.02.05 01:17:55.409,0.31723,0.31755,0.02,0.02
2013.02.05 01:17:58.913,0.31716,0.31746,0.02,0.02
2013.02.05 01:17:59.033,0.31715,0.3175,0.02,0.03
2013.02.05 01:17:59.095,0.31714,0.3175,0.05,0.03
2013.02.05 01:17:59.213,0.31714,0.31745,0.06,0.02
2013.02.05 01:17:59.373,0.31724,0.31756,0.02,0.02
2013.02.05 01:17:59.626,0.31719,0.31749,0.02,0.02
2013.02.05 01:17:59.803,0.31724,0.31761,0.03,0.02
2013.02.05 01:17:59.954,0.31721,0.31753,0.02,0.02
2013.02.05 01:18:00.013,0.31725,0.31761,0.02,0.03
2013.02.05 01:18:00.443,0.31725,0.31763,0.02,0.04
2013.02.05 01:18:07.133,0.31721,0.31751,0.02,0.02
2013.02.05 01:18:08.343,0.31723,0.31757,0.03,0.02
2013.02.05 01:18:08.713,0.31724,0.31756,0.02,0.02
2013.02.05 01:18:09.503,0.31731,0.31762,0.02,0.02
2013.02.05 01:18:10.125,0.31729,0.31763,0.02,0.02
2013.02.05 01:18:11.635,0.31723,0.31753,0.03,0.02
2013.02.05 01:18:11.963,0.31724,0.31758,0.04,0.02
2013.02.05 01:18:17.585,0.31718,0.31749,0.03,0.02
2013.02.05 01:18:17.763,0.31724,0.31759,0.03,0.07
2013.02.05 01:18:18.464,0.31724,0.31758,0.04,0.02
2013.02.05 01:18:18.583,0.31723,0.31759,0.04,0.03
2013.02.05 01:18:18.823,0.31726,0.31762,0.02,0.02
2013.02.05 01:18:19.038,0.31724,0.3176,0.04,0.02
2013.02.05 01:18:19.263,0.31726,0.31761,0.02,0.02
2013.02.05 01:18:24.405,0.31723,0.31753,0.03,0.02
2013.02.05 01:18:25.404,0.31724,0.3176,0.04,0.03
2013.02.05 01:18:25.726,0.31725,0.3176,0.02,0.05
2013.02.05 01:18:32.233,0.31722,0.31753,0.03,0.02
2013.02.05 01:18:32.854,0.31725,0.31762,0.02,0.02
2013.02.05 01:18:33.243,0.31721,0.31751,0.02,0.02
2013.02.05 01:18:35.854,0.31724,0.31761,0.04,0.04
2013.02.05 01:18:41.154,0.31724,0.31757,0.03,0.02
2013.02.05 01:18:43.493,0.31723,0.31759,0.03,0.03
2013.02.05 01:18:43.946,0.31724,0.3176,0.03,0.07
2013.02.05 01:18:45.593,0.31722,0.31753,0.02,0.02
2013.02.05 01:18:46.302,0.31727,0.31763,0.02,0.04
2013.02.05 01:18:46.961,0.31724,0.31759,0.03,0.02
2013.02.05 01:18:47.313,0.3172,0.3175,0.02,0.02
2013.02.05 01:18:47.433,0.31724,0.31759,0.03,0.02
2013.02.05 01:18:48.003,0.31724,0.3176,0.05,0.03
2013.02.05 01:18:48.281,0.31727,0.31763,0.02,0.03
2013.02.05 01:19:01.333,0.31722,0.31753,0.03,0.02
2013.02.05 01:19:01.856,0.31719,0.31751,0.06,0.02
2013.02.05 01:19:02.593,0.31725,0.31759,0.02,0.02
2013.02.05 01:19:03.117,0.31724,0.31761,0.02,0.05
2013.02.05 01:19:04.253,0.31725,0.31761,0.02,0.05
2013.02.05 01:19:04.976,0.31724,0.31757,0.05,0.03
2013.02.05 01:19:05.243,0.31724,0.3176,0.02,0.03
2013.02.05 01:19:05.673,0.31728,0.31761,0.02,0.04
2013.02.05 01:19:05.733,0.31725,0.31755,0.02,0.02
2013.02.05 01:19:08.475,0.31733,0.31765,0.02,0.06
2013.02.05 01:19:08.623,0.31733,0.31767,0.02,0.02
2013.02.05 01:19:09.053,0.31733,0.31765,0.02,0.06
2013.02.05 01:19:09.283,0.31733,0.31767,0.02,0.03
2013.02.05 01:19:10.063,0.3173,0.31763,0.02,0.03
2013.02.05 01:19:17.334,0.3173,0.31762,0.02,0.03
2013.02.05 01:19:17.544,0.31734,0.31767,0.02,0.02
2013.02.05 01:19:18.088,0.31734,0.31769,0.02,0.06
2013.02.05 01:19:18.590,0.31731,0.31764,0.02,0.03
2013.02.05 01:19:19.893,0.31731,0.31762,0.02,0.02
2013.02.05 01:19:20.013,0.31729,0.31759,0.04,0.02
2013.02.05 01:19:31.770,0.31726,0.31756,0.02,0.02
2013.02.05 01:19:33.543,0.31733,0.31764,0.02,0.02
2013.02.05 01:19:33.663,0.31729,0.31765,0.02,0.02
2013.02.05 01:19:33.873,0.31727,0.31763,0.02,0.06
2013.02.05 01:19:34.512,0.31727,0.31763,0.02,0.06
2013.02.05 01:19:35.083,0.31719,0.3175,0.05,0.02
2013.02.05 01:19:35.364,0.31724,0.3176,0.02,0.07
2013.02.05 01:19:35.423,0.31727,0.31763,0.02,0.02
2013.02.05 01:19:36.056,0.31714,0.31745,0.03,0.02
2013.02.05 01:19:36.175,0.31724,0.31757,0.03,0.02
2013.02.05 01:19:40.974,0.31723,0.31758,0.03,0.03
2013.02.05 01:19:41.541,0.31723,0.31756,0.03,0.02
2013.02.05 01:19:42.117,0.31724,0.31759,0.03,0.02
2013.02.05 01:19:43.093,0.31718,0.31748,0.02,0.02
2013.02.05 01:19:43.645,0.31723,0.31758,0.03,0.03
2013.02.05 01:19:44.113,0.31723,0.31756,0.03,0.03
2013.02.05 01:19:45.484,0.31723,0.31758,0.02,0.04
2013.02.05 01:19:46.136,0.31723,0.31757,0.02,0.02
2013.02.05 01:19:46.613,0.31724,0.3176,0.02,0.02
2013.02.05 01:19:52.805,0.31726,0.31761,0.02,0.07
2013.02.05 01:19:53.433,0.31722,0.31753,0.02,0.02
2013.02.05 01:19:53.493,0.31725,0.3176,0.02,0.03
2013.02.05 01:19:53.613,0.31721,0.31751,0.02,0.02
2013.02.05 01:19:53.863,0.31724,0.31754,0.02,0.02
2013.02.05 01:19:54.103,0.3173,0.31764,0.02,0.08
2013.02.05 01:19:55.336,0.31727,0.31762,0.02,0.02
2013.02.05 01:19:56.084,0.31723,0.3176,0.04,0.02
2013.02.05 01:19:56.984,0.3173,0.31764,0.02,0.06
2013.02.05 01:19:57.154,0.31731,0.31764,0.02,0.03
2013.02.05 01:19:57.736,0.31728,0.31764,0.02,0.03
2013.02.05 01:19:57.793,0.31718,0.3175,0.02,0.02
2013.02.05 01:19:58.223,0.31724,0.31754,0.03,0.02
2013.02.05 01:19:58.513,0.31725,0.31762,0.02,0.02
2013.02.05 01:19:58.574,0.3172,0.3175,0.02,0.02
2013.02.05 01:19:58.693,0.31723,0.31753,0.04,0.02
2013.02.05 01:19:58.813,0.31727,0.31763,0.02,0.04
2013.02.05 01:19:59.155,0.31725,0.31761,0.02,0.02
2013.02.05 01:19:59.244,0.31728,0.31763,0.02,0.04
2013.02.05 01:20:00.163,0.31724,0.31761,0.02,0.02
2013.02.05 01:20:01.816,0.31734,0.31766,0.02,0.02
2013.02.05 01:20:02.053,0.31734,0.31765,0.02,0.03
2013.02.05 01:20:02.173,0.31734,0.31769,0.02,0.07
2013.02.05 01:20:02.873,0.31726,0.31756,0.02,0.02
2013.02.05 01:20:02.993,0.31732,0.31764,0.02,0.03
2013.02.05 01:20:03.604,0.31734,0.31764,0.02,0.02
2013.02.05 01:20:04.374,0.31733,0.31763,0.02,0.02
2013.02.05 01:20:04.623,0.31734,0.31768,0.02,0.04
2013.02.05 01:20:05.164,0.31731,0.31764,0.02,0.03
2013.02.05 01:20:09.703,0.31734,0.31768,0.02,0.03
2013.02.05 01:20:10.254,0.31734,0.31768,0.02,0.03
2013.02.05 01:20:11.130,0.31734,0.31767,0.02,0.02
2013.02.05 01:20:12.854,0.31731,0.31763,0.02,0.02
2013.02.05 01:20:12.993,0.31734,0.3177,0.03,0.03
2013.02.05 01:20:13.323,0.31736,0.31771,0.02,0.02
2013.02.05 01:20:14.173,0.31733,0.31769,0.03,0.02
2013.02.05 01:20:14.811,0.31736,0.31771,0.02,0.02
2013.02.05 01:20:15.489,0.31733,0.31769,0.03,0.03
2013.02.05 01:20:18.223,0.31733,0.31765,0.03,0.02
2013.02.05 01:20:18.710,0.31733,0.31769,0.03,0.06
2013.02.05 01:20:20.563,0.31731,0.31762,0.02,0.02
2013.02.05 01:20:20.973,0.31734,0.3177,0.04,0.03
2013.02.05 01:20:21.431,0.31736,0.31771,0.02,0.02
2013.02.05 01:20:22.137,0.31733,0.31768,0.04,0.03
2013.02.05 01:20:22.483,0.31741,0.31774,0.02,0.02
2013.02.05 01:20:23.054,0.31737,0.3177,0.02,0.03
2013.02.05 01:20:23.394,0.31736,0.31771,0.02,0.02
2013.02.05 01:20:23.465,0.31734,0.31766,0.05,0.02
2013.02.05 01:20:23.594,0.31731,0.31763,0.02,0.02
2013.02.05 01:20:23.653,0.31736,0.31769,0.02,0.02
2013.02.05 01:20:24.004,0.31734,0.31766,0.02,0.02
2013.02.05 01:20:24.063,0.31739,0.31774,0.02,0.02
2013.02.05 01:20:25.288,0.31738,0.31771,0.02,0.02
2013.02.05 01:20:25.883,0.31743,0.31774,0.02,0.02
2013.02.05 01:20:26.553,0.31744,0.31774,0.02,0.02
2013.02.05 01:20:27.386,0.31741,0.31773,0.02,0.03
2013.02.05 01:20:27.901,0.31741,0.31775,0.02,0.02
2013.02.05 01:20:28.963,0.31732,0.31763,0.02,0.02
2013.02.05 01:20:29.023,0.31733,0.31763,0.03,0.02
2013.02.05 01:20:29.083,0.31739,0.31775,0.02,0.03
2013.02.05 01:20:29.293,0.31737,0.31773,0.02,0.05
2013.02.05 01:20:30.313,0.31736,0.31773,0.02,0.06
2013.02.05 01:20:33.903,0.31733,0.31767,0.03,0.02
2013.02.05 01:20:33.963,0.31737,0.3177,0.02,0.03
2013.02.05 01:20:34.591,0.3174,0.31772,0.02,0.02
2013.02.05 01:20:36.224,0.3174,0.31773,0.02,0.02
2013.02.05 01:20:36.773,0.3174,0.31773,0.02,0.02
2013.02.05 01:20:37.113,0.31743,0.31777,0.02,0.03
2013.02.05 01:20:37.233,0.31744,0.31776,0.02,0.02
2013.02.05 01:20:37.353,0.31744,0.31778,0.02,0.03
2013.02.05 01:20:38.211,0.31744,0.31775,0.02,0.03
2013.02.05 01:20:43.407,0.31736,0.31766,0.03,0.02
2013.02.05 01:20:44.223,0.31741,0.31772,0.02,0.02
2013.02.05 01:20:44.943,0.31743,0.31775,0.02,0.02
2013.02.05 01:20:45.163,0.31743,0.31778,0.02,0.03
2013.02.05 01:20:45.224,0.31743,0.31774,0.02,0.03
2013.02.05 01:20:45.373,0.31743,0.31778,0.02,0.03
2013.02.05 01:20:46.192,0.31741,0.31775,0.02,0.03
2013.02.05 01:20:50.074,0.31736,0.31766,0.02,0.02
2013.02.05 01:20:50.412,0.31743,0.31774,0.02,0.02
2013.02.05 01:20:51.230,0.3174,0.31771,0.02,0.02
2013.02.05 01:20:52.053,0.31737,0.31772,0.02,0.03
2013.02.05 01:20:52.752,0.31743,0.31774,0.02,0.02
2013.02.05 01:20:53.343,0.3174,0.31772,0.02,0.03
2013.02.05 01:20:55.283,0.31743,0.31775,0.02,0.03
2013.02.05 01:20:55.755,0.31744,0.31776,0.06,0.05
2013.02.05 01:20:56.229,0.31742,0.31775,0.07,0.02
2013.02.05 01:20:56.733,0.3174,0.31772,0.02,0.02
2013.02.05 01:20:58.639,0.31744,0.31776,0.02,0.04
2013.02.05 01:20:59.288,0.31741,0.31774,0.02,0.03
2013.02.05 01:20:59.938,0.31743,0.31778,0.02,0.02
2013.02.05 01:21:00.303,0.31743,0.31774,0.02,0.03
2013.02.05 01:21:00.810,0.31743,0.31776,0.02,0.04
2013.02.05 01:21:01.383,0.31743,0.31775,0.02,0.02
2013.02.05 01:21:02.228,0.31744,0.31779,0.02,0.02
2013.02.05 01:21:03.003,0.31738,0.31769,0.02,0.02
2013.02.05 01:21:03.208,0.31743,0.31774,0.02,0.03
2013.02.05 01:21:03.528,0.31743,0.31778,0.03,0.03
2013.02.05 01:21:04.203,0.31743,0.31775,0.02,0.03
2013.02.05 01:21:05.204,0.31743,0.31774,0.03,0.03
2013.02.05 01:21:05.264,0.31743,0.3178,0.04,0.02
2013.02.05 01:21:05.659,0.31745,0.31781,0.02,0.03
2013.02.05 01:21:06.251,0.31743,0.31778,0.04,0.02
2013.02.05 01:21:06.361,0.31745,0.31781,0.02,0.03
2013.02.05 01:21:07.306,0.31743,0.31778,0.04,0.02
2013.02.05 01:21:12.446,0.31745,0.31781,0.02,0.04
2013.02.05 01:21:13.215,0.31743,0.31779,0.04,0.02
2013.02.05 01:21:13.334,0.31746,0.31781,0.02,0.03
2013.02.05 01:21:14.205,0.31744,0.31778,0.04,0.02
2013.02.05 01:21:14.324,0.31745,0.31781,0.02,0.03
2013.02.05 01:21:15.195,0.31744,0.31778,0.04,0.02
2013.02.05 01:21:28.583,0.31745,0.31781,0.02,0.03
2013.02.05 01:21:28.813,0.31743,0.31778,0.03,0.07
2013.02.05 01:21:29.389,0.31737,0.31767,0.02,0.02
2013.02.05 01:21:29.522,0.31743,0.31774,0.02,0.02
2013.02.05 01:21:40.613,0.31744,0.31775,0.03,0.03
2013.02.05 01:21:41.098,0.31744,0.31776,0.02,0.02
2013.02.05 01:21:41.603,0.31744,0.31777,0.03,0.06
2013.02.05 01:21:43.993,0.31733,0.31764,0.04,0.02
2013.02.05 01:21:44.053,0.31734,0.31773,0.03,0.02
2013.02.05 01:21:44.924,0.31737,0.31771,0.02,0.03
2013.02.05 01:21:44.984,0.3173,0.31762,0.03,0.02
2013.02.05 01:21:45.534,0.31734,0.31767,0.03,0.03
2013.02.05 01:21:45.654,0.31733,0.31767,0.03,0.03
2013.02.05 01:21:45.765,0.31734,0.3177,0.02,0.03
2013.02.05 01:21:45.963,0.31733,0.31768,0.03,0.05
2013.02.05 01:21:46.791,0.31733,0.31764,0.02,0.02
2013.02.05 01:21:48.572,0.31732,0.31762,0.02,0.02
2013.02.05 01:21:48.693,0.31725,0.31755,0.03,0.02
2013.02.05 01:21:48.813,0.31734,0.31766,0.03,0.04
2013.02.05 01:21:48.933,0.31728,0.31759,0.03,0.02
2013.02.05 01:21:50.383,0.31733,0.31769,0.03,0.05
2013.02.05 01:21:51.346,0.31734,0.31766,0.02,0.02
2013.02.05 01:21:51.874,0.31734,0.31769,0.02,0.06
2013.02.05 01:21:52.452,0.31734,0.31764,0.02,0.02
2013.02.05 01:21:52.643,0.31725,0.31755,0.02,0.02
2013.02.05 01:21:52.884,0.31727,0.31763,0.02,0.05
2013.02.05 01:21:53.403,0.31725,0.31762,0.02,0.02
2013.02.05 01:21:53.464,0.31728,0.31763,0.02,0.05
2013.02.05 01:21:54.285,0.31724,0.3176,0.03,0.03
2013.02.05 01:21:54.395,0.31728,0.31763,0.02,0.05
2013.02.05 01:21:54.952,0.31724,0.31755,0.02,0.02
2013.02.05 01:21:55.265,0.31726,0.31763,0.02,0.02
2013.02.05 01:21:55.404,0.31728,0.31764,0.02,0.07
2013.02.05 01:21:56.253,0.31725,0.31761,0.02,0.02
2013.02.05 01:21:57.902,0.31727,0.31762,0.02,0.02
2013.02.05 01:21:58.623,0.31728,0.31764,0.02,0.07
2013.02.05 01:21:59.344,0.31724,0.3176,0.03,0.03
2013.02.05 01:22:02.664,0.31721,0.31753,0.03,0.02
2013.02.05 01:22:03.898,0.31734,0.31764,0.02,0.02
2013.02.05 01:22:04.134,0.31734,0.31768,0.03,0.04
2013.02.05 01:22:15.092,0.31725,0.31755,0.02,0.02
2013.02.05 01:22:15.312,0.31728,0.31758,0.02,0.02
2013.02.05 01:22:15.379,0.31734,0.31769,0.03,0.02
2013.02.05 01:22:16.346,0.31734,0.31767,0.02,0.02
2013.02.05 01:22:16.794,0.31729,0.31765,0.02,0.03
2013.02.05 01:22:16.944,0.31729,0.31765,0.02,0.03
2013.02.05 01:22:18.310,0.31724,0.31759,0.02,0.02
2013.02.05 01:22:21.264,0.31724,0.31756,0.05,0.02
2013.02.05 01:22:21.444,0.31733,0.31764,0.02,0.03
2013.02.05 01:22:21.953,0.31733,0.31767,0.02,0.02
2013.02.05 01:22:22.379,0.31733,0.31765,0.02,0.02
2013.02.05 01:22:23.014,0.31723,0.31754,0.04,0.02
2013.02.05 01:22:23.193,0.31728,0.31764,0.02,0.06
2013.02.05 01:22:23.434,0.31734,0.31768,0.02,0.03
2013.02.05 01:22:23.494,0.31726,0.31758,0.02,0.02
2013.02.05 01:22:23.949,0.31734,0.3177,0.03,0.03
2013.02.05 01:22:24.612,0.31734,0.31768,0.03,0.05
2013.02.05 01:22:25.123,0.31723,0.31753,0.03,0.02
2013.02.05 01:22:25.183,0.3173,0.31763,0.02,0.07
2013.02.05 01:22:25.243,0.31728,0.31763,0.02,0.06
2013.02.05 01:22:25.447,0.3173,0.31766,0.02,0.03
2013.02.05 01:22:25.663,0.31724,0.31755,0.03,0.02
2013.02.05 01:22:25.783,0.31723,0.31753,0.02,0.02
2013.02.05 01:22:26.328,0.31727,0.31763,0.02,0.07
2013.02.05 01:22:27.543,0.31733,0.31765,0.03,0.02
2013.02.05 01:22:27.663,0.31724,0.31755,0.02,0.02
2013.02.05 01:22:27.794,0.31733,0.31768,0.03,0.03
2013.02.05 01:22:28.417,0.31734,0.31765,0.03,0.05
2013.02.05 01:22:29.177,0.31728,0.31758,0.02,0.02
2013.02.05 01:22:29.506,0.31733,0.31768,0.03,0.04
2013.02.05 01:22:30.963,0.31733,0.31768,0.03,0.04
2013.02.05 01:22:36.321,0.31733,0.31769,0.03,0.02
2013.02.05 01:22:36.444,0.31736,0.31771,0.02,0.03
2013.02.05 01:22:36.853,0.31738,0.31771,0.02,0.02
2013.02.05 01:22:37.384,0.31734,0.3177,0.02,0.03
2013.02.05 01:22:45.885,0.31739,0.31774,0.02,0.07
2013.02.05 01:22:46.414,0.31736,0.31773,0.02,0.02
2013.02.05 01:22:59.652,0.31735,0.31767,0.02,0.02
2013.02.05 01:22:59.713,0.31741,0.31773,0.02,0.02
2013.02.05 01:23:00.272,0.31737,0.31772,0.02,0.03
2013.02.05 01:23:00.730,0.31743,0.31776,0.02,0.03
2013.02.05 01:23:01.400,0.31741,0.31774,0.02,0.02
2013.02.05 01:23:01.993,0.31736,0.31768,0.02,0.02
2013.02.05 01:23:02.389,0.31744,0.31777,0.03,0.02
2013.02.05 01:23:02.513,0.31743,0.31778,0.03,0.03
2013.02.05 01:23:03.378,0.31743,0.31775,0.02,0.03
2013.02.05 01:23:03.896,0.31744,0.3178,0.02,0.02
2013.02.05 01:23:04.371,0.31743,0.31777,0.02,0.02
2013.02.05 01:23:07.911,0.31736,0.31767,0.03,0.02
2013.02.05 01:23:08.034,0.31734,0.31764,0.06,0.02
2013.02.05 01:23:08.334,0.31737,0.31773,0.02,0.03
2013.02.05 01:23:09.142,0.31739,0.31774,0.02,0.06
2013.02.05 01:23:09.377,0.31735,0.31772,0.02,0.02
2013.02.05 01:23:47.327,0.31739,0.31774,0.02,0.06
2013.02.05 01:23:47.437,0.31734,0.3177,0.02,0.03
2013.02.05 01:23:48.201,0.31738,0.31774,0.02,0.06
2013.02.05 01:23:48.863,0.31735,0.31771,0.02,0.02
2013.02.05 01:24:08.043,0.31735,0.31774,0.02,0.02
2013.02.05 01:24:08.891,0.31734,0.31771,0.07,0.02
2013.02.05 01:24:39.824,0.31732,0.31762,0.03,0.02
2013.02.05 01:24:39.960,0.31734,0.31771,0.02,0.03
2013.02.05 01:24:57.484,0.31726,0.31756,0.02,0.02
2013.02.05 01:24:57.604,0.31733,0.31767,0.03,0.04
2013.02.05 01:24:57.664,0.31726,0.31762,0.02,0.02
2013.02.05 01:24:57.724,0.31724,0.31754,0.02,0.02
2013.02.05 01:24:58.165,0.31728,0.31764,0.02,0.03
2013.02.05 01:24:58.224,0.31725,0.31762,0.02,0.02
2013.02.05 01:24:58.355,0.31719,0.3175,0.02,0.02
2013.02.05 01:24:58.635,0.31724,0.3176,0.03,0.07
2013.02.05 01:24:58.814,0.31717,0.31748,0.02,0.02
2013.02.05 01:24:59.074,0.3172,0.31751,0.03,0.02
2013.02.05 01:24:59.136,0.31718,0.31749,0.02,0.02
2013.02.05 01:24:59.274,0.3172,0.31751,0.02,0.02
2013.02.05 01:24:59.574,0.31718,0.31748,0.02,0.02
2013.02.05 01:24:59.814,0.31724,0.31759,0.03,0.03
2013.02.05 01:25:00.304,0.31726,0.31761,0.02,0.06
2013.02.05 01:25:00.854,0.31723,0.31755,0.02,0.02
2013.02.05 01:25:01.164,0.31721,0.31751,0.02,0.02
2013.02.05 01:25:01.284,0.31724,0.31759,0.03,0.03
2013.02.05 01:25:01.584,0.31722,0.31753,0.02,0.02
2013.02.05 01:25:01.704,0.31724,0.31761,0.03,0.08
2013.02.05 01:25:02.297,0.31726,0.31761,0.02,0.07
2013.02.05 01:25:03.123,0.31724,0.3176,0.03,0.02
2013.02.05 01:25:04.354,0.31726,0.31763,0.02,0.02
2013.02.05 01:25:04.474,0.31729,0.31764,0.02,0.04
2013.02.05 01:25:04.559,0.31726,0.31763,0.02,0.02
2013.02.05 01:25:04.674,0.31729,0.31764,0.02,0.04
2013.02.05 01:25:05.538,0.31724,0.3176,0.02,0.03
2013.02.05 01:25:11.559,0.31717,0.31748,0.04,0.02
2013.02.05 01:25:11.793,0.31724,0.3176,0.04,0.07
2013.02.05 01:25:15.286,0.31719,0.31749,0.03,0.02
2013.02.05 01:25:15.585,0.31725,0.31761,0.02,0.02
2013.02.05 01:25:15.704,0.31724,0.31757,0.03,0.02
2013.02.05 01:25:16.291,0.31724,0.31759,0.02,0.04
2013.02.05 01:25:16.975,0.31723,0.31758,0.03,0.02
2013.02.05 01:25:17.169,0.31724,0.31754,0.03,0.02
2013.02.05 01:25:17.364,0.31724,0.3176,0.03,0.07
2013.02.05 01:25:18.635,0.31724,0.31758,0.03,0.03
2013.02.05 01:25:19.481,0.31724,0.3176,0.03,0.07
2013.02.05 01:25:19.816,0.31726,0.31763,0.02,0.02
2013.02.05 01:25:20.685,0.31723,0.31759,0.04,0.02
2013.02.05 01:25:23.104,0.31725,0.31761,0.02,0.03
2013.02.05 01:25:23.254,0.31728,0.31763,0.02,0.05
2013.02.05 01:25:23.774,0.31728,0.31763,0.02,0.02
2013.02.05 01:25:23.894,0.31722,0.31753,0.03,0.02
2013.02.05 01:25:24.644,0.31727,0.31762,0.02,0.02
2013.02.05 01:25:25.563,0.31725,0.31762,0.02,0.02
2013.02.05 01:25:34.089,0.31718,0.3175,0.06,0.02
2013.02.05 01:25:34.692,0.31728,0.31764,0.02,0.02
2013.02.05 01:25:35.654,0.31727,0.31763,0.02,0.02
2013.02.05 01:25:36.700,0.31723,0.31759,0.04,0.02
2013.02.05 01:25:37.144,0.31726,0.31763,0.02,0.02
2013.02.05 01:25:37.580,0.31724,0.31759,0.04,0.02
2013.02.05 01:25:37.690,0.31726,0.31762,0.02,0.03
2013.02.05 01:25:38.564,0.31723,0.3176,0.04,0.05
2013.02.05 01:25:39.132,0.31725,0.3176,0.02,0.03
2013.02.05 01:25:39.659,0.31723,0.31757,0.03,0.03
2013.02.05 01:25:53.544,0.31728,0.31764,0.02,0.03
2013.02.05 01:25:53.604,0.31723,0.31754,0.03,0.02
2013.02.05 01:25:53.664,0.31726,0.31762,0.02,0.02
2013.02.05 01:25:53.784,0.31728,0.31764,0.02,0.04
2013.02.05 01:25:53.904,0.31726,0.31756,0.02,0.02
2013.02.05 01:25:56.424,0.31719,0.31751,0.02,0.02
2013.02.05 01:25:56.604,0.31726,0.3176,0.02,0.03
2013.02.05 01:25:57.203,0.31727,0.31763,0.02,0.03
2013.02.05 01:25:57.694,0.31724,0.31759,0.03,0.02
2013.02.05 01:26:00.414,0.31727,0.31763,0.02,0.02
2013.02.05 01:26:01.734,0.31724,0.3176,0.03,0.02
2013.02.05 01:26:30.335,0.31725,0.31761,0.02,0.03
2013.02.05 01:26:30.904,0.31729,0.31765,0.02,0.03
2013.02.05 01:26:31.777,0.31724,0.3176,0.05,0.03
2013.02.05 01:26:32.719,0.3172,0.31751,0.03,0.02
2013.02.05 01:26:33.242,0.31727,0.31762,0.02,0.02
2013.02.05 01:26:33.747,0.31723,0.3176,0.04,0.02
2013.02.05 01:26:34.335,0.31726,0.31761,0.02,0.05
2013.02.05 01:26:34.768,0.31723,0.3176,0.04,0.02
2013.02.05 01:26:35.571,0.31725,0.31761,0.02,0.05
2013.02.05 01:26:36.241,0.31723,0.31759,0.04,0.02
2013.02.05 01:26:38.334,0.31719,0.3175,0.02,0.02
2013.02.05 01:26:38.454,0.31726,0.31761,0.02,0.02
2013.02.05 01:26:38.694,0.31723,0.31758,0.04,0.02
2013.02.05 01:26:46.188,0.31723,0.31757,0.03,0.02
2013.02.05 01:26:46.304,0.31724,0.31759,0.02,0.06
2013.02.05 01:26:46.713,0.31723,0.31758,0.03,0.02
2013.02.05 01:26:59.124,0.31723,0.31759,0.03,0.06
2013.02.05 01:26:59.740,0.31723,0.31756,0.02,0.03
2013.02.05 01:27:00.448,0.31713,0.31745,0.02,0.02
2013.02.05 01:27:01.839,0.31723,0.31753,0.02,0.02
2013.02.05 01:27:02.169,0.31724,0.3176,0.02,0.02
2013.02.05 01:27:02.819,0.31724,0.31755,0.02,0.06
2013.02.05 01:27:04.284,0.31724,0.31758,0.02,0.03
2013.02.05 01:27:04.779,0.31722,0.31754,0.02,0.03
2013.02.05 01:27:07.145,0.31724,0.31759,0.02,0.02
2013.02.05 01:27:07.784,0.31724,0.31755,0.02,0.05
2013.02.05 01:27:15.266,0.31724,0.31758,0.02,0.02
2013.02.05 01:27:15.384,0.31718,0.31748,0.02,0.02
2013.02.05 01:27:16.806,0.31723,0.31757,0.03,0.02
2013.02.05 01:27:19.164,0.31721,0.31751,0.02,0.02
2013.02.05 01:27:19.875,0.31724,0.31758,0.03,0.03
2013.02.05 01:27:37.084,0.31726,0.31761,0.02,0.05
2013.02.05 01:27:37.840,0.31724,0.31759,0.03,0.02
2013.02.05 01:27:44.874,0.31716,0.31748,0.03,0.02
2013.02.05 01:27:45.522,0.31724,0.31758,0.03,0.04
2013.02.05 01:27:45.928,0.31724,0.31755,0.02,0.02
2013.02.05 01:27:46.184,0.31723,0.31758,0.03,0.05
2013.02.05 01:27:49.864,0.31716,0.31746,0.02,0.02
2013.02.05 01:27:49.924,0.31723,0.31755,0.02,0.03
2013.02.05 01:27:49.997,0.31723,0.31757,0.02,0.02
2013.02.05 01:27:50.054,0.31716,0.31748,0.02,0.02
2013.02.05 01:27:50.328,0.31724,0.31761,0.03,0.02
2013.02.05 01:27:51.105,0.31723,0.31758,0.03,0.03
2013.02.05 01:27:54.213,0.3172,0.31751,0.02,0.02
2013.02.05 01:27:54.394,0.31724,0.3176,0.04,0.03
2013.02.05 01:27:54.937,0.31724,0.3176,0.02,0.06
2013.02.05 01:27:55.816,0.31723,0.31758,0.05,0.03
2013.02.05 01:27:59.827,0.31726,0.31759,0.02,0.02
2013.02.05 01:27:59.885,0.31724,0.3176,0.05,0.06
2013.02.05 01:27:59.985,0.31728,0.31764,0.02,0.02
2013.02.05 01:28:00.869,0.31724,0.31758,0.05,0.03
2013.02.05 01:28:01.735,0.31725,0.3176,0.02,0.06
2013.02.05 01:28:02.464,0.31724,0.3176,0.05,0.08
2013.02.05 01:28:04.174,0.31725,0.3176,0.02,0.06
2013.02.05 01:28:04.914,0.31724,0.31758,0.05,0.03
2013.02.05 01:28:06.015,0.31725,0.3176,0.02,0.06
2013.02.05 01:28:06.925,0.31724,0.31756,0.05,0.02
2013.02.05 01:28:09.944,0.31726,0.31763,0.02,0.02
2013.02.05 01:28:10.812,0.31724,0.31756,0.05,0.02
2013.02.05 01:28:13.594,0.31719,0.31749,0.02,0.02
2013.02.05 01:28:13.804,0.31723,0.31754,0.03,0.03
2013.02.05 01:28:13.985,0.31724,0.31759,0.02,0.07
2013.02.05 01:28:14.851,0.31723,0.31756,0.04,0.03
2013.02.05 01:29:02.224,0.3172,0.3175,0.04,0.02
2013.02.05 01:29:02.344,0.31724,0.3176,0.02,0.07
2013.02.05 01:29:02.704,0.31723,0.31755,0.04,0.03
2013.02.05 01:29:02.969,0.31723,0.31756,0.05,0.03
2013.02.05 01:29:03.703,0.31723,0.31758,0.05,0.06
2013.02.05 01:29:04.259,0.31723,0.31758,0.05,0.08
2013.02.05 01:29:05.654,0.31714,0.31746,0.02,0.02
2013.02.05 01:29:06.201,0.31723,0.31756,0.04,0.07
2013.02.05 01:29:06.724,0.31723,0.31755,0.03,0.03
2013.02.05 01:29:07.114,0.31723,0.31756,0.04,0.03
2013.02.05 01:29:08.594,0.31718,0.31748,0.02,0.02
2013.02.05 01:29:19.906,0.31715,0.31745,0.03,0.02
2013.02.05 01:29:20.203,0.31724,0.31755,0.03,0.08
2013.02.05 01:29:20.274,0.31724,0.31756,0.03,0.02
2013.02.05 01:29:20.965,0.31722,0.31755,0.03,0.09
2013.02.05 01:29:23.534,0.31723,0.31755,0.02,0.07
2013.02.05 01:29:24.092,0.31723,0.31754,0.02,0.02
2013.02.05 01:29:35.215,0.31723,0.31757,0.02,0.02
2013.02.05 01:29:35.964,0.31723,0.31754,0.02,0.02
2013.02.05 01:29:41.285,0.31717,0.31753,0.02,0.04
2013.02.05 01:29:41.465,0.31716,0.31752,0.02,0.02
2013.02.05 01:29:42.040,0.31714,0.31747,0.02,0.03
2013.02.05 01:29:42.260,0.31716,0.31752,0.02,0.02
2013.02.05 01:29:43.029,0.31714,0.31747,0.02,0.03
2013.02.05 01:29:46.994,0.31714,0.31749,0.02,0.02
2013.02.05 01:29:47.984,0.31713,0.31747,0.02,0.03
2013.02.05 01:30:03.086,0.31712,0.31744,0.02,0.02
2013.02.05 01:30:03.264,0.3171,0.31746,0.02,0.04
2013.02.05 01:30:03.984,0.31706,0.31743,0.02,0.07
2013.02.05 01:30:04.314,0.3171,0.31746,0.02,0.03
2013.02.05 01:30:05.124,0.31705,0.31741,0.02,0.03
2013.02.05 01:30:06.895,0.31701,0.31731,0.02,0.02
2013.02.05 01:30:07.722,0.31707,0.31744,0.02,0.02
2013.02.05 01:30:08.044,0.31696,0.31728,0.02,0.02
2013.02.05 01:30:08.104,0.31704,0.31737,0.05,0.02
2013.02.05 01:30:08.724,0.31705,0.31741,0.02,0.03
2013.02.05 01:30:09.114,0.31704,0.31737,0.05,0.02
2013.02.05 01:30:09.293,0.31705,0.31742,0.02,0.02
2013.02.05 01:30:10.114,0.31704,0.31738,0.05,0.07
2013.02.05 01:30:10.195,0.31701,0.31732,0.02,0.02
2013.02.05 01:30:10.315,0.31705,0.31739,0.02,0.02
2013.02.05 01:30:10.635,0.31705,0.31738,0.02,0.07
2013.02.05 01:30:11.104,0.31695,0.31727,0.02,0.02
2013.02.05 01:30:11.741,0.31704,0.3174,0.04,0.02
2013.02.05 01:30:12.042,0.31704,0.31737,0.04,0.06
2013.02.05 01:30:12.175,0.31699,0.31729,0.02,0.02
2013.02.05 01:30:12.472,0.31704,0.31739,0.04,0.07
2013.02.05 01:30:13.165,0.31704,0.31738,0.04,0.02
2013.02.05 01:30:19.924,0.31704,0.31735,0.04,0.03
2013.02.05 01:30:20.000,0.31705,0.31742,0.02,0.08
2013.02.05 01:30:20.322,0.31705,0.31741,0.02,0.03
2013.02.05 01:30:21.152,0.31703,0.31738,0.04,0.07
2013.02.05 01:30:21.754,0.31701,0.31731,0.02,0.02
2013.02.05 01:30:22.185,0.31705,0.31741,0.02,0.06
2013.02.05 01:30:23.059,0.31703,0.31737,0.05,0.02
2013.02.05 01:30:26.234,0.31705,0.31741,0.02,0.06
2013.02.05 01:30:26.843,0.31707,0.31744,0.02,0.02
2013.02.05 01:30:27.224,0.31704,0.31739,0.05,0.03
2013.02.05 01:30:28.214,0.31707,0.31742,0.02,0.02
2013.02.05 01:30:29.158,0.31704,0.3174,0.05,0.02
2013.02.05 01:30:36.494,0.31705,0.31741,0.02,0.07
2013.02.05 01:30:36.812,0.31707,0.31742,0.02,0.02
2013.02.05 01:30:37.214,0.31703,0.31738,0.05,0.02
2013.02.05 01:30:37.474,0.31703,0.31734,0.05,0.02
2013.02.05 01:30:37.594,0.31705,0.31742,0.02,0.02
2013.02.05 01:30:37.945,0.31709,0.31744,0.02,0.07
2013.02.05 01:30:38.492,0.3171,0.31746,0.02,0.05
2013.02.05 01:30:39.214,0.31705,0.31741,0.02,0.03
2013.02.05 01:31:00.796,0.31701,0.31732,0.03,0.02
2013.02.05 01:31:01.420,0.31707,0.31742,0.02,0.06
2013.02.05 01:31:02.150,0.31704,0.31738,0.05,0.03
2013.02.05 01:31:02.585,0.31708,0.31744,0.02,0.02
2013.02.05 01:31:03.130,0.31707,0.31742,0.02,0.06
2013.02.05 01:31:04.099,0.31704,0.3174,0.02,0.02
2013.02.05 01:31:04.611,0.31706,0.31742,0.02,0.06
2013.02.05 01:31:05.283,0.31703,0.3174,0.05,0.02
2013.02.05 01:31:06.545,0.31704,0.31735,0.04,0.03
2013.02.05 01:31:07.379,0.31707,0.31742,0.02,0.06
2013.02.05 01:31:07.943,0.31703,0.31738,0.05,0.05
2013.02.05 01:31:28.984,0.31701,0.31731,0.02,0.02
2013.02.05 01:31:29.294,0.31705,0.31741,0.02,0.05
2013.02.05 01:31:29.624,0.31707,0.31744,0.02,0.03
2013.02.05 01:31:30.217,0.31703,0.31737,0.05,0.02
2013.02.05 01:31:34.535,0.31704,0.31741,0.06,0.06
2013.02.05 01:31:34.654,0.31707,0.31743,0.02,0.03
2013.02.05 01:31:35.262,0.31704,0.31739,0.07,0.03
2013.02.05 01:31:35.990,0.31704,0.31738,0.07,0.03
2013.02.05 01:31:36.065,0.31708,0.31744,0.02,0.08
2013.02.05 01:31:36.245,0.31705,0.31741,0.02,0.03
2013.02.05 01:31:36.341,0.31709,0.31746,0.02,0.03
2013.02.05 01:31:37.225,0.31706,0.31742,0.02,0.02
2013.02.05 01:31:57.936,0.31707,0.31743,0.02,0.02
2013.02.05 01:31:57.994,0.31705,0.31736,0.02,0.02
2013.02.05 01:31:58.054,0.31714,0.31746,0.02,0.05
2013.02.05 01:31:58.362,0.31714,0.31746,0.03,0.05
2013.02.05 01:31:59.104,0.31714,0.31747,0.03,0.02
2013.02.05 01:31:59.165,0.31707,0.31738,0.02,0.02
2013.02.05 01:31:59.355,0.31714,0.31751,0.03,0.02
2013.02.05 01:32:00.375,0.31714,0.31746,0.03,0.02
2013.02.05 01:32:30.704,0.31711,0.31741,0.02,0.02
2013.02.05 01:32:30.838,0.31715,0.31751,0.02,0.04
2013.02.05 01:32:31.278,0.31714,0.31748,0.03,0.03
2013.02.05 01:32:51.939,0.31714,0.31749,0.03,0.03
2013.02.05 01:32:54.984,0.31714,0.3175,0.02,0.03
2013.02.05 01:32:55.334,0.31713,0.31748,0.03,0.02
2013.02.05 01:32:55.934,0.31713,0.3175,0.04,0.02
2013.02.05 01:32:59.331,0.31714,0.31748,0.03,0.03
2013.02.05 01:32:59.541,0.31714,0.3175,0.04,0.02
2013.02.05 01:33:00.291,0.31714,0.31748,0.03,0.03
2013.02.05 01:33:00.614,0.31714,0.3175,0.02,0.02
2013.02.05 01:33:01.228,0.31715,0.31751,0.02,0.04
2013.02.05 01:33:01.284,0.31713,0.31748,0.03,0.03
2013.02.05 01:33:19.336,0.31715,0.31751,0.02,0.05
2013.02.05 01:33:19.446,0.31713,0.31748,0.03,0.03
2013.02.05 01:33:19.556,0.31715,0.31751,0.02,0.05
2013.02.05 01:33:20.430,0.31713,0.31748,0.03,0.03
2013.02.05 01:33:22.411,0.31714,0.3175,0.02,0.02
2013.02.05 01:33:22.740,0.31717,0.31753,0.02,0.02
2013.02.05 01:33:23.395,0.31714,0.3175,0.04,0.02
2013.02.05 01:33:26.182,0.31714,0.31749,0.03,0.03
2013.02.05 01:33:26.405,0.31717,0.31753,0.02,0.04
2013.02.05 01:33:26.717,0.31719,0.31755,0.02,0.02
2013.02.05 01:33:26.914,0.31716,0.31751,0.02,0.05
2013.02.05 01:33:27.504,0.31714,0.31747,0.03,0.03
2013.02.05 01:33:28.434,0.31714,0.31747,0.03,0.03
2013.02.05 01:33:29.256,0.31714,0.31747,0.03,0.02
2013.02.05 01:33:40.745,0.31707,0.31738,0.03,0.02
2013.02.05 01:33:41.381,0.31714,0.31748,0.04,0.05
2013.02.05 01:34:05.181,0.31711,0.31741,0.03,0.02
2013.02.05 01:34:05.634,0.31709,0.31739,0.03,0.02
2013.02.05 01:34:06.334,0.31714,0.31748,0.04,0.03
2013.02.05 01:34:26.885,0.31715,0.3175,0.02,0.02
2013.02.05 01:34:27.005,0.31714,0.31744,0.04,0.02
2013.02.05 01:34:27.124,0.31717,0.31752,0.02,0.02
2013.02.05 01:34:27.842,0.31715,0.31752,0.02,0.02
2013.02.05 01:34:29.105,0.31714,0.31745,0.04,0.02
2013.02.05 01:34:29.489,0.31716,0.31752,0.02,0.03
2013.02.05 01:34:29.605,0.31718,0.31753,0.02,0.07
2013.02.05 01:34:30.469,0.31716,0.31752,0.02,0.03
2013.02.05 01:34:30.689,0.31719,0.31756,0.02,0.02
2013.02.05 01:34:31.448,0.31716,0.31752,0.02,0.02
2013.02.05 01:34:33.696,0.31714,0.31745,0.02,0.02
2013.02.05 01:34:33.755,0.31721,0.31754,0.02,0.03
2013.02.05 01:34:33.815,0.31717,0.31749,0.02,0.02
2013.02.05 01:34:33.875,0.31724,0.31758,0.03,0.02
2013.02.05 01:34:34.281,0.31724,0.31759,0.03,0.04
2013.02.05 01:34:34.528,0.31724,0.31757,0.02,0.02
2013.02.05 01:34:35.303,0.31724,0.31759,0.03,0.04
2013.02.05 01:34:35.830,0.31724,0.31757,0.02,0.02
2013.02.05 01:34:38.135,0.31724,0.31758,0.04,0.03
2013.02.05 01:34:38.264,0.31726,0.31761,0.02,0.07
2013.02.05 01:34:39.455,0.31723,0.31757,0.03,0.03
2013.02.05 01:35:04.191,0.31718,0.31749,0.02,0.02
2013.02.05 01:35:04.803,0.31724,0.31759,0.04,0.08
2013.02.05 01:35:05.291,0.31716,0.31746,0.02,0.02
2013.02.05 01:35:05.465,0.31724,0.31755,0.03,0.03
2013.02.05 01:35:06.163,0.31723,0.31758,0.03,0.03
2013.02.05 01:35:06.843,0.31723,0.31755,0.03,0.03
2013.02.05 01:35:15.775,0.31719,0.31749,0.02,0.02
2013.02.05 01:35:15.965,0.31724,0.31759,0.03,0.06
2013.02.05 01:35:16.477,0.31724,0.31756,0.03,0.03
2013.02.05 01:35:21.130,0.31721,0.31751,0.03,0.02
2013.02.05 01:35:21.245,0.31723,0.31759,0.04,0.02
2013.02.05 01:35:21.755,0.31724,0.3176,0.02,0.03
2013.02.05 01:35:22.626,0.31723,0.31758,0.04,0.02
2013.02.05 01:35:24.316,0.31726,0.31761,0.02,0.04
2013.02.05 01:35:24.596,0.31723,0.31757,0.04,0.02
2013.02.05 01:35:24.805,0.31725,0.31761,0.02,0.04
2013.02.05 01:35:25.636,0.31723,0.31759,0.04,0.02
2013.02.05 01:35:26.335,0.31724,0.3176,0.02,0.03
2013.02.05 01:35:26.575,0.31725,0.31762,0.02,0.02
2013.02.05 01:35:26.825,0.31728,0.31764,0.02,0.04
2013.02.05 01:35:27.645,0.31724,0.31761,0.05,0.02
2013.02.05 01:36:21.865,0.31725,0.31762,0.02,0.02
2013.02.05 01:36:22.815,0.31725,0.31762,0.02,0.02
2013.02.05 01:36:26.617,0.31725,0.31762,0.02,0.02
2013.02.05 01:37:04.081,0.31732,0.31766,0.02,0.03
2013.02.05 01:37:04.387,0.31728,0.3176,0.02,0.03
2013.02.05 01:37:04.686,0.31731,0.31764,0.02,0.02
2013.02.05 01:37:14.655,0.31734,0.31766,0.03,0.02
2013.02.05 01:37:15.738,0.31734,0.31765,0.03,0.06
2013.02.05 01:37:17.735,0.31733,0.31767,0.03,0.03
2013.02.05 01:37:18.235,0.31733,0.31767,0.03,0.02
2013.02.05 01:37:18.807,0.31733,0.31765,0.03,0.08
2013.02.05 01:37:29.844,0.31733,0.31765,0.02,0.06
2013.02.05 01:37:30.824,0.31728,0.31761,0.02,0.03
2013.02.05 01:37:39.812,0.31733,0.31765,0.03,0.06
2013.02.05 01:37:40.946,0.3173,0.31762,0.03,0.02
2013.02.05 01:37:52.539,0.31734,0.31765,0.02,0.06
2013.02.05 01:37:53.748,0.31729,0.31761,0.02,0.03
2013.02.05 01:38:04.404,0.3173,0.31764,0.02,0.02
2013.02.05 01:38:27.613,0.31732,0.31765,0.03,0.02
2013.02.05 01:38:27.724,0.31734,0.31766,0.03,0.02
2013.02.05 01:38:27.938,0.31732,0.31765,0.03,0.02
2013.02.05 01:38:28.048,0.31734,0.31768,0.03,0.02
2013.02.05 01:38:28.818,0.31734,0.31765,0.03,0.02
2013.02.05 01:38:48.113,0.31734,0.31766,0.02,0.03
2013.02.05 01:38:48.863,0.3173,0.31763,0.02,0.02
2013.02.05 01:38:52.422,0.31734,0.31765,0.02,0.02
2013.02.05 01:38:52.642,0.31733,0.31767,0.03,0.02
2013.02.05 01:38:52.873,0.31733,0.31765,0.03,0.02
2013.02.05 01:38:53.491,0.31733,0.31767,0.03,0.03
2013.02.05 01:38:54.152,0.31733,0.31765,0.03,0.02
2013.02.05 01:39:00.453,0.31729,0.31763,0.02,0.02
2013.02.05 01:39:00.513,0.31733,0.31766,0.02,0.02
2013.02.05 01:39:00.910,0.31733,0.31767,0.02,0.04
2013.02.05 01:39:01.900,0.31728,0.31762,0.02,0.02
2013.02.05 01:39:08.203,0.31733,0.31765,0.02,0.02
2013.02.05 01:39:08.761,0.31733,0.31767,0.03,0.02
2013.02.05 01:39:08.928,0.31733,0.31765,0.02,0.02
2013.02.05 01:39:12.833,0.31733,0.31767,0.02,0.05
2013.02.05 01:39:13.897,0.3173,0.31763,0.02,0.02
2013.02.05 01:39:33.892,0.3173,0.31764,0.02,0.02
2013.02.05 01:39:58.466,0.3173,0.31764,0.02,0.02
2013.02.05 01:39:58.703,0.31734,0.31766,0.02,0.02
2013.02.05 01:39:59.013,0.31732,0.31766,0.03,0.03
2013.02.05 01:39:59.632,0.31734,0.31766,0.02,0.02
2013.02.05 01:40:00.129,0.31733,0.31766,0.03,0.02
2013.02.05 01:40:03.464,0.31734,0.31766,0.02,0.03
2013.02.05 01:40:03.523,0.31734,0.31768,0.03,0.02
2013.02.05 01:40:04.025,0.31732,0.31766,0.03,0.03
2013.02.05 01:40:28.632,0.31733,0.31766,0.06,0.02
2013.02.05 01:40:28.694,0.31727,0.31758,0.02,0.02
2013.02.05 01:40:29.053,0.31736,0.31772,0.02,0.02
2013.02.05 01:40:29.355,0.31739,0.31776,0.02,0.02
2013.02.05 01:40:30.118,0.31735,0.31771,0.02,0.02
2013.02.05 01:40:31.748,0.31739,0.31775,0.02,0.03
2013.02.05 01:40:31.984,0.31734,0.3177,0.02,0.03
2013.02.05 01:40:32.555,0.31737,0.31773,0.02,0.04
2013.02.05 01:40:32.994,0.31736,0.31767,0.02,0.02
2013.02.05 01:40:33.114,0.31744,0.31774,0.02,0.02
2013.02.05 01:40:33.625,0.31744,0.31776,0.02,0.03
2013.02.05 01:40:34.134,0.31741,0.31774,0.02,0.02
2013.02.05 01:40:34.613,0.31739,0.31774,0.02,0.07
2013.02.05 01:40:35.117,0.31734,0.3177,0.08,0.03
2013.02.05 01:41:18.974,0.31729,0.31761,0.06,0.02
2013.02.05 01:41:19.094,0.31733,0.31771,0.05,0.06
2013.02.05 01:41:19.483,0.31729,0.31759,0.02,0.02
2013.02.05 01:41:19.604,0.31733,0.31768,0.05,0.02
2013.02.05 01:41:20.024,0.31733,0.31766,0.05,0.03
2013.02.05 01:41:20.643,0.31733,0.31767,0.05,0.02
2013.02.05 01:41:21.323,0.31733,0.31768,0.05,0.02
2013.02.05 01:41:23.663,0.31731,0.31762,0.02,0.02
2013.02.05 01:41:23.844,0.31735,0.31771,0.02,0.03
2013.02.05 01:41:24.146,0.31738,0.31773,0.02,0.03
2013.02.05 01:41:25.136,0.31735,0.31771,0.02,0.02
2013.02.05 01:41:38.622,0.3173,0.31761,0.03,0.02
2013.02.05 01:41:39.171,0.31737,0.31773,0.02,0.02
2013.02.05 01:41:40.052,0.31734,0.3177,0.02,0.02
2013.02.05 01:41:40.424,0.31733,0.31764,0.09,0.02
2013.02.05 01:41:40.491,0.31737,0.31773,0.02,0.03
2013.02.05 01:41:44.054,0.31732,0.31762,0.02,0.02
2013.02.05 01:41:44.234,0.31734,0.31768,0.08,0.03
2013.02.05 01:41:44.945,0.31736,0.31772,0.02,0.03
2013.02.05 01:41:45.611,0.31733,0.3177,0.08,0.02
2013.02.05 01:41:48.528,0.31734,0.3177,0.08,0.03
2013.02.05 01:41:48.694,0.31738,0.31774,0.02,0.06
2013.02.05 01:41:49.323,0.31739,0.31774,0.02,0.06
2013.02.05 01:41:50.194,0.31732,0.31762,0.02,0.02
2013.02.05 01:41:59.784,0.31735,0.31767,0.02,0.02
2013.02.05 01:41:59.904,0.31734,0.31769,0.05,0.04
2013.02.05 01:42:00.513,0.31734,0.31769,0.06,0.04
2013.02.05 01:42:01.244,0.31734,0.31767,0.05,0.02
2013.02.05 01:42:14.922,0.31731,0.31761,0.05,0.02
2013.02.05 01:42:15.104,0.31735,0.31771,0.02,0.05
2013.02.05 01:42:15.474,0.31737,0.31773,0.02,0.03
2013.02.05 01:42:16.142,0.31734,0.3177,0.06,0.02
2013.02.05 01:42:26.614,0.31733,0.31767,0.06,0.02
2013.02.05 01:42:27.424,0.31736,0.31771,0.02,0.05
2013.02.05 01:42:28.165,0.31733,0.31765,0.06,0.02
2013.02.05 01:42:38.514,0.31729,0.31759,0.02,0.02
2013.02.05 01:42:39.035,0.31733,0.31769,0.06,0.04
2013.02.05 01:42:39.642,0.31733,0.31766,0.05,0.03
2013.02.05 01:42:46.082,0.31725,0.31756,0.04,0.02
2013.02.05 01:42:46.315,0.31734,0.31766,0.03,0.06
2013.02.05 01:42:46.476,0.31734,0.31768,0.04,0.03
2013.02.05 01:42:47.235,0.31734,0.31765,0.04,0.03
2013.02.05 01:43:14.604,0.31734,0.31766,0.03,0.06
2013.02.05 01:43:36.744,0.31728,0.31758,0.03,0.02
2013.02.05 01:43:56.964,0.31733,0.31765,0.05,0.03
2013.02.05 01:43:57.107,0.31733,0.3177,0.06,0.02
2013.02.05 01:43:57.554,0.31736,0.31772,0.02,0.03
2013.02.05 01:43:58.444,0.31734,0.31768,0.05,0.02
2013.02.05 01:44:52.834,0.31734,0.31768,0.04,0.03
2013.02.05 01:44:58.942,0.31734,0.31767,0.04,0.02
2013.02.05 01:44:59.064,0.31734,0.31768,0.05,0.03
2013.02.05 01:44:59.125,0.31733,0.31766,0.05,0.03
2013.02.05 01:44:59.452,0.31733,0.31766,0.04,0.03
2013.02.05 01:45:00.020,0.31734,0.31766,0.03,0.04
2013.02.05 01:45:01.577,0.31731,0.31765,0.03,0.02
2013.02.05 01:45:02.126,0.31734,0.31766,0.03,0.03
2013.02.05 01:45:02.781,0.31734,0.31766,0.03,0.03
2013.02.05 01:45:05.239,0.31734,0.31766,0.04,0.04
2013.02.05 01:45:05.689,0.31733,0.31768,0.05,0.03
2013.02.05 01:45:06.004,0.31734,0.3177,0.06,0.02
2013.02.05 01:45:06.245,0.31734,0.31772,0.07,0.02
2013.02.05 01:45:06.304,0.31738,0.31774,0.02,0.02
2013.02.05 01:45:06.824,0.31736,0.31773,0.02,0.03
2013.02.05 01:45:07.431,0.31738,0.31773,0.02,0.03
2013.02.05 01:45:07.926,0.31743,0.31776,0.02,0.03
2013.02.05 01:45:08.504,0.31738,0.31772,0.02,0.02
2013.02.05 01:45:09.874,0.31735,0.31772,0.02,0.02
2013.02.05 01:45:09.934,0.31737,0.31773,0.02,0.03
2013.02.05 01:45:10.495,0.31734,0.31772,0.02,0.02
2013.02.05 01:45:11.143,0.31734,0.31764,0.06,0.02
2013.02.05 01:45:31.285,0.31743,0.31773,0.02,0.02
2013.02.05 01:45:31.633,0.3174,0.31773,0.02,0.03
2013.02.05 01:45:32.444,0.31743,0.31775,0.02,0.02
2013.02.05 01:45:35.821,0.31743,0.31776,0.03,0.07
2013.02.05 01:45:35.906,0.31744,0.31779,0.03,0.04
2013.02.05 01:45:36.214,0.31745,0.31776,0.02,0.02
2013.02.05 01:45:36.334,0.31743,0.31773,0.05,0.02
2013.02.05 01:45:36.426,0.31747,0.31777,0.02,0.02
2013.02.05 01:45:37.102,0.31753,0.31785,0.03,0.03
2013.02.05 01:45:37.373,0.31754,0.31789,0.03,0.03
2013.02.05 01:45:37.969,0.3175,0.3178,0.02,0.02
2013.02.05 01:45:38.363,0.31755,0.3179,0.02,0.06
2013.02.05 01:45:38.583,0.31753,0.31785,0.04,0.02
2013.02.05 01:45:38.696,0.31755,0.3179,0.02,0.06
2013.02.05 01:45:39.574,0.31753,0.31787,0.04,0.03
2013.02.05 01:45:39.683,0.31755,0.3179,0.02,0.06
2013.02.05 01:45:40.123,0.31754,0.31789,0.05,0.06
2013.02.05 01:45:40.452,0.31753,0.31785,0.03,0.03
2013.02.05 01:45:41.006,0.31754,0.31787,0.04,0.02
2013.02.05 01:45:41.464,0.31748,0.3178,0.02,0.03
2013.02.05 01:45:41.667,0.31747,0.31783,0.02,0.03
2013.02.05 01:45:42.765,0.3174,0.31771,0.05,0.02
2013.02.05 01:45:42.825,0.3174,0.31771,0.03,0.02
2013.02.05 01:45:43.462,0.31746,0.31778,0.02,0.02
2013.02.05 01:45:43.585,0.31737,0.31768,0.02,0.02
2013.02.05 01:45:44.154,0.31741,0.31772,0.02,0.02
2013.02.05 01:45:44.214,0.31744,0.31779,0.02,0.03
2013.02.05 01:45:44.574,0.31742,0.31773,0.02,0.02
2013.02.05 01:45:44.991,0.31749,0.31785,0.02,0.02
2013.02.05 01:45:45.501,0.31745,0.31781,0.02,0.02
2013.02.05 01:45:46.646,0.31744,0.3178,0.04,0.02
2013.02.05 01:45:47.122,0.31747,0.31783,0.02,0.02
2013.02.05 01:45:47.480,0.31744,0.31779,0.04,0.03
2013.02.05 01:45:47.535,0.31744,0.3178,0.06,0.02
2013.02.05 01:45:47.902,0.31747,0.3178,0.02,0.02
2013.02.05 01:45:48.615,0.31744,0.3178,0.02,0.03
2013.02.05 01:45:48.735,0.31744,0.31782,0.02,0.02
2013.02.05 01:45:50.809,0.31742,0.31772,0.03,0.02
2013.02.05 01:45:50.985,0.31744,0.31779,0.05,0.02
2013.02.05 01:45:51.044,0.31737,0.31768,0.03,0.02
2013.02.05 01:45:51.594,0.31743,0.31778,0.04,0.05
2013.02.05 01:46:01.404,0.31737,0.31767,0.03,0.02
2013.02.05 01:46:01.525,0.31742,0.31774,0.02,0.03
2013.02.05 01:46:01.877,0.31744,0.31777,0.03,0.05
2013.02.05 01:46:02.545,0.31742,0.31775,0.03,0.02
2013.02.05 01:46:04.187,0.31744,0.31776,0.03,0.02
2013.02.05 01:46:04.736,0.31744,0.31776,0.02,0.02
2013.02.05 01:46:05.725,0.31742,0.31775,0.03,0.02
2013.02.05 01:46:06.293,0.31744,0.31775,0.03,0.02
2013.02.05 01:46:07.005,0.31741,0.31773,0.03,0.03
2013.02.05 01:46:12.324,0.31743,0.31776,0.03,0.02
2013.02.05 01:46:12.734,0.31743,0.31778,0.05,0.03
2013.02.05 01:46:13.495,0.31743,0.31777,0.04,0.02
2013.02.05 01:46:17.484,0.31736,0.31766,0.02,0.02
2013.02.05 01:46:18.151,0.31743,0.31776,0.03,0.04
2013.02.05 01:46:18.664,0.31744,0.31774,0.02,0.02
2013.02.05 01:46:19.263,0.31744,0.31775,0.02,0.02
2013.02.05 01:46:19.866,0.31741,0.31773,0.02,0.03
2013.02.05 01:46:22.408,0.31744,0.31776,0.02,0.05
2013.02.05 01:46:22.516,0.31744,0.31776,0.02,0.07
2013.02.05 01:46:23.212,0.31744,0.31775,0.03,0.02
2013.02.05 01:46:23.872,0.31742,0.31775,0.03,0.02
2013.02.05 01:46:28.906,0.31743,0.31776,0.02,0.04
2013.02.05 01:46:29.025,0.31743,0.31777,0.02,0.02
2013.02.05 01:46:29.565,0.31744,0.31776,0.04,0.04
2013.02.05 01:46:30.485,0.31743,0.31774,0.03,0.03
2013.02.05 01:46:30.664,0.31744,0.31776,0.02,0.05
2013.02.05 01:46:31.253,0.31744,0.31779,0.02,0.02
2013.02.05 01:46:31.316,0.31743,0.31779,0.05,0.02
2013.02.05 01:46:32.435,0.31745,0.31781,0.02,0.03
2013.02.05 01:46:32.555,0.31744,0.31778,0.05,0.03
2013.02.05 01:46:32.685,0.31746,0.31782,0.02,0.07
2013.02.05 01:46:33.645,0.31745,0.31781,0.02,0.03
2013.02.05 01:46:34.635,0.31744,0.3178,0.06,0.02
2013.02.05 01:46:34.945,0.31744,0.31782,0.06,0.03
2013.02.05 01:46:35.005,0.31744,0.31782,0.06,0.03
2013.02.05 01:46:35.573,0.31744,0.31774,0.06,0.02
2013.02.05 01:46:35.635,0.31744,0.3178,0.06,0.03
2013.02.05 01:46:42.045,0.31741,0.31772,0.03,0.02
2013.02.05 01:46:42.604,0.31747,0.31783,0.02,0.03
2013.02.05 01:46:43.577,0.31743,0.3178,0.05,0.02
2013.02.05 01:46:44.124,0.31745,0.31779,0.02,0.02
2013.02.05 01:46:44.677,0.31747,0.31783,0.02,0.02
2013.02.05 01:46:45.038,0.31741,0.31773,0.02,0.02
2013.02.05 01:46:45.646,0.31748,0.31783,0.02,0.05
2013.02.05 01:46:46.731,0.31744,0.31781,0.02,0.02
2013.02.05 01:46:53.925,0.31741,0.31771,0.02,0.02
2013.02.05 01:46:54.581,0.31747,0.31784,0.02,0.02
2013.02.05 01:46:54.716,0.31743,0.31773,0.05,0.02
2013.02.05 01:46:55.243,0.31748,0.31783,0.02,0.06
2013.02.05 01:46:55.776,0.31743,0.31779,0.06,0.03
2013.02.05 01:46:58.595,0.31742,0.31772,0.02,0.02
2013.02.05 01:46:59.215,0.31747,0.31782,0.02,0.05
2013.02.05 01:46:59.874,0.31744,0.3178,0.02,0.02
2013.02.05 01:47:00.705,0.31739,0.31769,0.04,0.02
2013.02.05 01:47:00.764,0.31744,0.31779,0.05,0.05
2013.02.05 01:47:01.632,0.31744,0.31778,0.05,0.02
2013.02.05 01:47:02.465,0.31735,0.31766,0.03,0.02
2013.02.05 01:47:02.525,0.31735,0.31766,0.02,0.02
2013.02.05 01:47:02.983,0.31738,0.31768,0.02,0.02
2013.02.05 01:47:03.052,0.31743,0.31778,0.04,0.05
2013.02.05 01:47:03.602,0.31744,0.31777,0.04,0.03
2013.02.05 01:47:03.716,0.31744,0.31778,0.04,0.04
2013.02.05 01:47:04.617,0.31744,0.31777,0.04,0.03
2013.02.05 01:47:08.445,0.31735,0.31766,0.02,0.02
2013.02.05 01:47:08.871,0.31744,0.3178,0.02,0.02
2013.02.05 01:47:09.640,0.31743,0.31774,0.04,0.02
2013.02.05 01:47:20.168,0.31738,0.31768,0.02,0.02
2013.02.05 01:47:20.348,0.31743,0.31778,0.04,0.03
2013.02.05 01:47:20.682,0.31743,0.31778,0.03,0.05
2013.02.05 01:47:20.815,0.31743,0.31778,0.04,0.03
2013.02.05 01:47:21.726,0.31743,0.31776,0.03,0.03
2013.02.05 01:47:24.625,0.31736,0.31766,0.02,0.02
2013.02.05 01:47:25.194,0.31744,0.31775,0.03,0.02
2013.02.05 01:47:26.277,0.31744,0.31776,0.03,0.08
2013.02.05 01:47:28.646,0.31735,0.31766,0.03,0.02
2013.02.05 01:47:28.875,0.31736,0.31771,0.02,0.05
2013.02.05 01:47:29.116,0.31729,0.31759,0.02,0.02
2013.02.05 01:47:29.455,0.3173,0.31762,0.06,0.02
2013.02.05 01:47:29.677,0.31734,0.31768,0.05,0.02
2013.02.05 01:47:29.795,0.31736,0.3177,0.02,0.03
2013.02.05 01:47:30.855,0.31734,0.31771,0.05,0.02
2013.02.05 01:47:30.915,0.31738,0.31774,0.02,0.02
2013.02.05 01:47:31.554,0.31729,0.31759,0.03,0.02
2013.02.05 01:47:31.615,0.31736,0.31773,0.02,0.02
2013.02.05 01:47:31.825,0.31734,0.31769,0.02,0.07
2013.02.05 01:47:32.770,0.31734,0.31768,0.03,0.02
2013.02.05 01:47:33.825,0.3173,0.31761,0.02,0.02
2013.02.05 01:47:33.885,0.31737,0.31773,0.02,0.02
2013.02.05 01:47:34.005,0.31731,0.31763,0.02,0.02
2013.02.05 01:47:34.375,0.31734,0.31766,0.06,0.02
2013.02.05 01:47:35.091,0.31741,0.31776,0.02,0.07
2013.02.05 01:47:35.217,0.31732,0.31763,0.02,0.02
2013.02.05 01:47:35.655,0.31737,0.31767,0.02,0.02
2013.02.05 01:47:35.895,0.31732,0.31763,0.02,0.02
2013.02.05 01:47:36.638,0.31734,0.31766,0.06,0.02
2013.02.05 01:47:36.720,0.31734,0.31771,0.05,0.03
2013.02.05 01:47:36.794,0.31735,0.31771,0.02,0.03
2013.02.05 01:47:45.344,0.31743,0.31773,0.02,0.07
2013.02.05 01:47:45.404,0.31743,0.31774,0.02,0.03
2013.02.05 01:47:45.481,0.31743,0.31776,0.02,0.06
2013.02.05 01:47:46.228,0.31738,0.31769,0.02,0.02
2013.02.05 01:47:46.801,0.31743,0.31777,0.03,0.02
2013.02.05 01:47:47.399,0.31743,0.31779,0.03,0.08
2013.02.05 01:47:47.916,0.31743,0.31777,0.03,0.02
2013.02.05 01:47:48.465,0.31736,0.31767,0.03,0.02
2013.02.05 01:47:48.825,0.31743,0.31774,0.02,0.06
2013.02.05 01:47:48.885,0.3174,0.31773,0.03,0.03
2013.02.05 01:47:48.944,0.31741,0.31776,0.02,0.02
2013.02.05 01:47:49.473,0.3174,0.31776,0.02,0.03
2013.02.05 01:47:49.770,0.31734,0.3177,0.06,0.03
2013.02.05 01:47:56.255,0.31744,0.31774,0.02,0.02
2013.02.05 01:47:56.384,0.31744,0.31776,0.03,0.03
2013.02.05 01:47:56.924,0.31744,0.31779,0.03,0.05
2013.02.05 01:47:57.758,0.31743,0.31778,0.03,0.02
2013.02.05 01:47:58.415,0.31744,0.31778,0.03,0.03
2013.02.05 01:47:58.474,0.31743,0.31775,0.03,0.03
2013.02.05 01:47:58.536,0.31745,0.31781,0.02,0.02
2013.02.05 01:47:58.746,0.31743,0.31778,0.05,0.02
2013.02.05 01:47:58.848,0.31746,0.31782,0.02,0.07
2013.02.05 01:47:59.728,0.31743,0.31777,0.03,0.03
2013.02.05 01:48:01.504,0.31744,0.3178,0.05,0.03
2013.02.05 01:48:01.808,0.31749,0.31785,0.02,0.02
2013.02.05 01:48:02.856,0.31744,0.31781,0.05,0.02
2013.02.05 01:48:09.437,0.31738,0.31769,0.06,0.02
2013.02.05 01:48:09.943,0.31744,0.31779,0.02,0.03
2013.02.05 01:48:10.865,0.31744,0.31777,0.03,0.03
2013.02.05 01:48:12.007,0.31743,0.31778,0.03,0.02
2013.02.05 01:48:12.896,0.31743,0.31778,0.03,0.02
2013.02.05 01:48:19.232,0.3174,0.31772,0.02,0.02
2013.02.05 01:48:19.506,0.31745,0.31782,0.02,0.04
2013.02.05 01:48:19.784,0.31744,0.31779,0.04,0.02
2013.02.05 01:48:19.893,0.31745,0.31782,0.02,0.04
2013.02.05 01:48:20.772,0.31744,0.31779,0.04,0.02
2013.02.05 01:48:25.015,0.31745,0.31782,0.02,0.04
2013.02.05 01:48:25.771,0.31743,0.31779,0.05,0.02
2013.02.05 01:48:45.194,0.31745,0.31782,0.02,0.04
2013.02.05 01:48:45.907,0.31744,0.31777,0.04,0.03
2013.02.05 01:48:54.435,0.31745,0.31782,0.02,0.04
2013.02.05 01:48:54.766,0.31744,0.31776,0.03,0.03
2013.02.05 01:48:54.885,0.31745,0.31781,0.02,0.03
2013.02.05 01:48:55.246,0.31743,0.31776,0.02,0.04
2013.02.05 01:48:55.806,0.31744,0.31776,0.03,0.04
2013.02.05 01:48:55.925,0.31744,0.31778,0.03,0.02
2013.02.05 01:48:56.744,0.31741,0.31773,0.03,0.02
2013.02.05 01:48:58.065,0.31743,0.31776,0.02,0.04
2013.02.05 01:48:59.046,0.31743,0.31775,0.02,0.02
2013.02.05 01:48:59.137,0.31737,0.31772,0.02,0.03
2013.02.05 01:48:59.256,0.31743,0.31776,0.02,0.04
2013.02.05 01:48:59.793,0.31741,0.31772,0.02,0.03
2013.02.05 01:49:00.345,0.31744,0.31776,0.02,0.07
2013.02.05 01:49:02.064,0.31741,0.31774,0.02,0.02
2013.02.05 01:49:22.876,0.31741,0.31774,0.02,0.02
2013.02.05 01:49:31.816,0.31733,0.31763,0.02,0.02
2013.02.05 01:49:31.995,0.31734,0.31769,0.02,0.03
2013.02.05 01:49:32.054,0.31731,0.31762,0.02,0.02
2013.02.05 01:49:32.115,0.31736,0.31772,0.02,0.09
2013.02.05 01:49:32.366,0.31729,0.31759,0.02,0.02
2013.02.05 01:49:32.545,0.31734,0.31768,0.03,0.03
2013.02.05 01:49:33.136,0.31731,0.31762,0.02,0.02
2013.02.05 01:49:33.454,0.31736,0.31772,0.02,0.05
2013.02.05 01:49:33.525,0.31734,0.31771,0.05,0.02
2013.02.05 01:49:33.665,0.31737,0.31772,0.02,0.04
2013.02.05 01:49:33.844,0.31734,0.31769,0.05,0.02
2013.02.05 01:49:34.004,0.31735,0.31772,0.02,0.05
2013.02.05 01:49:34.325,0.31733,0.31764,0.03,0.03
2013.02.05 01:49:34.445,0.31733,0.31768,0.04,0.05
2013.02.05 01:49:34.505,0.31724,0.31756,0.04,0.02
2013.02.05 01:49:35.064,0.31734,0.31766,0.03,0.07
2013.02.05 01:49:35.914,0.31731,0.31763,0.02,0.03
2013.02.05 01:49:45.192,0.31734,0.31768,0.03,0.03
2013.02.05 01:49:45.965,0.31734,0.31766,0.03,0.08
2013.02.05 01:49:48.164,0.31734,0.31769,0.03,0.02
2013.02.05 01:49:48.225,0.31728,0.31759,0.03,0.02
2013.02.05 01:49:48.285,0.31735,0.31767,0.02,0.02
2013.02.05 01:49:49.005,0.31733,0.31768,0.03,0.02
2013.02.05 01:49:55.805,0.31733,0.31768,0.03,0.02
2013.02.05 01:49:55.985,0.31735,0.31772,0.02,0.06
2013.02.05 01:49:56.413,0.31737,0.31772,0.02,0.05
2013.02.05 01:49:56.536,0.31735,0.31772,0.02,0.06
2013.02.05 01:49:57.021,0.31737,0.31772,0.02,0.06
2013.02.05 01:49:57.890,0.31733,0.31769,0.05,0.03
2013.02.05 01:49:59.875,0.31734,0.31769,0.02,0.03
2013.02.05 01:50:00.376,0.31734,0.31769,0.04,0.04
2013.02.05 01:50:00.965,0.31734,0.31768,0.03,0.02
2013.02.05 01:50:03.625,0.31736,0.31773,0.02,0.02
2013.02.05 01:50:03.911,0.31734,0.31768,0.04,0.02
2013.02.05 01:50:04.035,0.31735,0.31771,0.02,0.07
2013.02.05 01:50:04.888,0.31734,0.31769,0.04,0.02
2013.02.05 01:50:06.772,0.31726,0.31758,0.03,0.02
2013.02.05 01:50:06.905,0.31735,0.3177,0.02,0.03
2013.02.05 01:50:06.965,0.31737,0.31772,0.02,0.02
2013.02.05 01:50:07.986,0.31735,0.31772,0.02,0.02
2013.02.05 01:50:21.365,0.31735,0.31767,0.02,0.02
2013.02.05 01:50:21.800,0.31744,0.31777,0.02,0.04
2013.02.05 01:50:22.331,0.31744,0.31777,0.02,0.04
2013.02.05 01:50:22.983,0.31744,0.31776,0.03,0.02
2013.02.05 01:50:27.142,0.31743,0.31777,0.03,0.04
2013.02.05 01:50:35.335,0.31743,0.31778,0.03,0.02
2013.02.05 01:50:35.395,0.31743,0.31779,0.03,0.03
2013.02.05 01:50:35.735,0.31745,0.31781,0.02,0.02
2013.02.05 01:50:36.042,0.31745,0.31783,0.02,0.06
2013.02.05 01:50:36.395,0.31749,0.31785,0.02,0.02
2013.02.05 01:50:36.979,0.31744,0.3178,0.02,0.03
2013.02.05 01:50:37.199,0.31749,0.31785,0.02,0.02
2013.02.05 01:50:37.969,0.31744,0.3178,0.02,0.03
2013.02.05 01:50:39.505,0.31748,0.31783,0.02,0.06
2013.02.05 01:50:40.038,0.31744,0.3178,0.05,0.03
2013.02.05 01:50:43.965,0.31741,0.31771,0.02,0.02
2013.02.05 01:50:44.085,0.31743,0.31781,0.05,0.07
2013.02.05 01:50:45.105,0.31743,0.31778,0.03,0.02
2013.02.05 01:50:49.219,0.31739,0.31769,0.02,0.02
2013.02.05 01:50:50.045,0.31734,0.31766,0.02,0.02
2013.02.05 01:50:50.105,0.31744,0.31776,0.02,0.08
2013.02.05 01:50:51.005,0.3174,0.31774,0.02,0.02
2013.02.05 01:50:54.905,0.3174,0.31776,0.02,0.07
2013.02.05 01:50:55.025,0.31734,0.3177,0.02,0.03
2013.02.05 01:50:55.145,0.31733,0.31763,0.05,0.02
2013.02.05 01:50:55.555,0.31735,0.31766,0.02,0.02
2013.02.05 01:50:58.245,0.31738,0.31774,0.02,0.06
2013.02.05 01:50:59.004,0.31736,0.31772,0.02,0.02
2013.02.05 01:51:03.285,0.31738,0.31774,0.02,0.06
2013.02.05 01:51:04.042,0.31734,0.3177,0.02,0.03
2013.02.05 01:51:05.695,0.31738,0.31774,0.02,0.06
2013.02.05 01:51:07.005,0.31734,0.3177,0.02,0.03
2013.02.05 01:51:07.845,0.31734,0.31773,0.06,0.02
2013.02.05 01:51:08.200,0.31734,0.31771,0.04,0.09
2013.02.05 01:51:09.092,0.31734,0.31767,0.03,0.03
2013.02.05 01:51:12.105,0.31733,0.31771,0.05,0.08
2013.02.05 01:51:12.714,0.31738,0.31774,0.02,0.02
2013.02.05 01:51:13.020,0.31734,0.3177,0.02,0.03
2013.02.05 01:51:16.283,0.31733,0.31768,0.04,0.03
2013.02.05 01:51:16.405,0.31735,0.31771,0.02,0.07
2013.02.05 01:51:16.974,0.31734,0.31769,0.03,0.02
2013.02.05 01:51:17.035,0.31728,0.31759,0.02,0.02
2013.02.05 01:51:17.812,0.31734,0.31769,0.04,0.03
2013.02.05 01:51:18.473,0.31734,0.31768,0.04,0.02
2013.02.05 01:51:24.595,0.3173,0.31761,0.04,0.02
2013.02.05 01:51:26.097,0.31734,0.31767,0.05,0.02
2013.02.05 01:51:28.685,0.31726,0.31758,0.03,0.02
2013.02.05 01:51:29.166,0.31734,0.31769,0.02,0.02
2013.02.05 01:51:30.055,0.31733,0.31768,0.03,0.07
2013.02.05 01:51:30.313,0.31726,0.31756,0.02,0.02
2013.02.05 01:51:30.982,0.31734,0.3177,0.03,0.02
2013.02.05 01:51:31.146,0.31734,0.31766,0.03,0.06
2013.02.05 01:51:31.385,0.31734,0.3177,0.03,0.02
2013.02.05 01:51:32.055,0.31733,0.31764,0.02,0.02
2013.02.05 01:51:32.116,0.31733,0.31764,0.02,0.02
2013.02.05 01:51:32.663,0.31733,0.31765,0.02,0.02
2013.02.05 01:51:33.333,0.3173,0.31763,0.02,0.03
2013.02.05 01:51:35.416,0.31723,0.31753,0.03,0.02
2013.02.05 01:51:36.032,0.31728,0.31763,0.02,0.05
2013.02.05 01:51:36.325,0.31724,0.31761,0.02,0.08
2013.02.05 01:51:36.954,0.31726,0.31761,0.02,0.07
2013.02.05 01:51:37.713,0.31727,0.31763,0.02,0.03
2013.02.05 01:51:38.154,0.31725,0.31761,0.02,0.07
2013.02.05 01:51:44.405,0.31723,0.31753,0.02,0.02
2013.02.05 01:51:44.607,0.31729,0.31765,0.02,0.02
2013.02.05 01:51:45.152,0.31724,0.3176,0.03,0.03
2013.02.05 01:52:05.327,0.31726,0.31762,0.02,0.02
2013.02.05 01:52:17.145,0.3173,0.31763,0.02,0.04
2013.02.05 01:52:17.205,0.31726,0.31756,0.02,0.02
2013.02.05 01:52:17.385,0.31733,0.31766,0.02,0.05
2013.02.05 01:52:18.235,0.3173,0.31763,0.02,0.02
2013.02.05 01:52:21.325,0.31734,0.31768,0.03,0.02
2013.02.05 01:52:23.895,0.31728,0.31758,0.05,0.02
2013.02.05 01:52:24.015,0.31731,0.31763,0.02,0.02
2013.02.05 01:52:24.135,0.31737,0.31774,0.02,0.02
2013.02.05 01:52:25.223,0.31737,0.31773,0.02,0.08
2013.02.05 01:52:25.333,0.31739,0.31775,0.02,0.02
2013.02.05 01:52:26.192,0.31735,0.31771,0.02,0.03
2013.02.05 01:52:31.703,0.3173,0.31761,0.03,0.02
2013.02.05 01:52:32.181,0.31734,0.31769,0.05,0.02
2013.02.05 01:52:32.253,0.31729,0.31759,0.04,0.02
2013.02.05 01:52:32.786,0.31734,0.31767,0.03,0.02
2013.02.05 01:52:33.526,0.31733,0.31769,0.03,0.05
2013.02.05 01:52:34.317,0.31733,0.31768,0.03,0.02
2013.02.05 01:53:12.095,0.3173,0.31761,0.02,0.02
2013.02.05 01:53:12.155,0.31736,0.31771,0.02,0.05
2013.02.05 01:53:12.296,0.31736,0.31772,0.02,0.02
2013.02.05 01:53:12.415,0.31738,0.31774,0.02,0.05
2013.02.05 01:53:13.250,0.31735,0.31772,0.02,0.02
2013.02.05 01:53:16.856,0.31742,0.31773,0.02,0.02
2013.02.05 01:53:16.915,0.31736,0.31767,0.02,0.02
2013.02.05 01:53:17.035,0.31743,0.31777,0.02,0.07
2013.02.05 01:53:17.306,0.31743,0.31773,0.02,0.02
2013.02.05 01:53:17.455,0.31743,0.31777,0.02,0.07
2013.02.05 01:53:17.815,0.31733,0.31764,0.07,0.02
2013.02.05 01:53:17.959,0.31737,0.31774,0.02,0.08
2013.02.05 01:53:21.155,0.31736,0.31772,0.02,0.02
2013.02.05 01:53:21.579,0.31744,0.31779,0.02,0.02
2013.02.05 01:53:22.338,0.3174,0.31774,0.02,0.02
2013.02.05 01:53:27.812,0.3174,0.31774,0.02,0.02
2013.02.05 01:53:27.946,0.31743,0.31775,0.02,0.03
2013.02.05 01:53:32.235,0.31736,0.31766,0.02,0.02
2013.02.05 01:54:12.846,0.31742,0.31775,0.02,0.02
2013.02.05 01:54:32.301,0.31742,0.31774,0.02,0.02
2013.02.05 01:54:39.595,0.31737,0.31769,0.04,0.02
2013.02.05 01:54:39.655,0.31743,0.31775,0.04,0.02
2013.02.05 01:54:40.064,0.31739,0.31769,0.03,0.02
2013.02.05 01:54:40.604,0.31743,0.31779,0.03,0.08
2013.02.05 01:54:41.121,0.31737,0.31767,0.02,0.02
2013.02.05 01:54:41.315,0.31744,0.31777,0.03,0.07
2013.02.05 01:54:43.925,0.31743,0.31776,0.03,0.02
2013.02.05 01:54:44.165,0.31735,0.31768,0.02,0.02
2013.02.05 01:54:44.425,0.31728,0.31758,0.02,0.02
2013.02.05 01:54:44.786,0.31736,0.31769,0.02,0.04
2013.02.05 01:54:44.846,0.31734,0.31767,0.04,0.02
2013.02.05 01:54:45.368,0.31733,0.31767,0.03,0.03
2013.02.05 01:54:48.286,0.31725,0.31755,0.03,0.02
2013.02.05 01:54:48.904,0.31734,0.31769,0.03,0.02
2013.02.05 01:54:52.395,0.31734,0.31771,0.02,0.02
2013.02.05 01:54:54.486,0.31733,0.31765,0.03,0.07
2013.02.05 01:54:54.796,0.31734,0.3177,0.02,0.02
2013.02.05 01:54:55.455,0.31733,0.31765,0.03,0.07
2013.02.05 01:54:58.513,0.31728,0.31758,0.02,0.02
2013.02.05 01:54:59.270,0.31733,0.31768,0.04,0.05
2013.02.05 01:54:59.970,0.31733,0.31766,0.03,0.02
2013.02.05 01:55:01.244,0.31734,0.31768,0.03,0.05
2013.02.05 01:55:02.433,0.31734,0.31768,0.03,0.07
2013.02.05 01:55:43.504,0.31737,0.31773,0.02,0.02
2013.02.05 01:55:43.565,0.31744,0.31776,0.02,0.04
2013.02.05 01:55:43.685,0.31738,0.31772,0.02,0.03
2013.02.05 01:55:43.745,0.31733,0.31763,0.04,0.02
2013.02.05 01:55:43.975,0.31737,0.31773,0.02,0.04
2013.02.05 01:55:44.745,0.31738,0.31773,0.02,0.04
2013.02.05 01:55:45.637,0.31734,0.3177,0.05,0.03
2013.02.05 01:55:56.330,0.31739,0.31775,0.02,0.03
2013.02.05 01:55:56.550,0.31735,0.31772,0.02,0.02
2013.02.05 01:55:56.666,0.31739,0.31775,0.02,0.03
2013.02.05 01:55:57.045,0.31736,0.31771,0.02,0.02
2013.02.05 01:55:57.225,0.31733,0.31768,0.04,0.06
2013.02.05 01:55:57.650,0.31735,0.31771,0.02,0.02
2013.02.05 01:55:58.525,0.31734,0.31768,0.03,0.07
2013.02.05 01:56:05.445,0.31733,0.31768,0.04,0.06
2013.02.05 01:56:05.508,0.31733,0.31768,0.04,0.07
2013.02.05 01:56:05.618,0.31733,0.31768,0.04,0.06
2013.02.05 01:56:06.498,0.31733,0.31768,0.04,0.07
2013.02.05 01:56:10.197,0.31734,0.31768,0.04,0.06
2013.02.05 01:56:10.456,0.31734,0.31768,0.04,0.03
2013.02.05 01:56:10.576,0.31735,0.31771,0.02,0.03
2013.02.05 01:56:11.073,0.31737,0.31769,0.02,0.03
2013.02.05 01:56:11.753,0.31734,0.31771,0.06,0.02
2013.02.05 01:56:12.297,0.31738,0.31774,0.02,0.06
2013.02.05 01:56:13.093,0.31739,0.31774,0.02,0.06
2013.02.05 01:56:13.596,0.31735,0.31772,0.02,0.02
2013.02.05 01:56:36.085,0.31732,0.31762,0.02,0.02
2013.02.05 01:56:36.623,0.31738,0.31775,0.02,0.02
2013.02.05 01:56:37.610,0.31733,0.31768,0.05,0.02
2013.02.05 01:56:38.615,0.31734,0.31766,0.05,0.02
2013.02.05 01:56:38.920,0.31734,0.31769,0.05,0.05
2013.02.05 01:56:39.035,0.3173,0.31761,0.05,0.02
2013.02.05 01:56:39.250,0.31736,0.31771,0.02,0.03
2013.02.05 01:56:39.645,0.31733,0.31766,0.05,0.02
2013.02.05 01:56:39.705,0.31736,0.31771,0.02,0.03
2013.02.05 01:56:40.585,0.31734,0.31768,0.05,0.04
2013.02.05 01:56:40.779,0.31734,0.3177,0.05,0.02
2013.02.05 01:56:41.549,0.31733,0.31766,0.04,0.02
2013.02.05 01:56:56.256,0.31734,0.31771,0.02,0.02
2013.02.05 01:56:56.687,0.31733,0.31768,0.04,0.03
2013.02.05 01:56:56.805,0.31734,0.31771,0.02,0.02
2013.02.05 01:56:57.666,0.31733,0.31768,0.04,0.03
2013.02.05 01:57:05.216,0.31733,0.31764,0.03,0.02
2013.02.05 01:57:05.335,0.31735,0.31772,0.02,0.02
2013.02.05 01:57:05.772,0.31738,0.31774,0.02,0.06
2013.02.05 01:57:06.603,0.31734,0.3177,0.05,0.03
2013.02.05 01:57:08.618,0.3173,0.31761,0.02,0.02
2013.02.05 01:57:09.114,0.31738,0.31775,0.02,0.02
2013.02.05 01:57:09.705,0.31733,0.31768,0.05,0.02
2013.02.05 01:57:11.258,0.31728,0.31759,0.05,0.02
2013.02.05 01:57:11.525,0.31734,0.31768,0.05,0.03
2013.02.05 01:57:23.715,0.31733,0.31769,0.04,0.03
2013.02.05 01:57:24.677,0.31733,0.31768,0.04,0.02
2013.02.05 01:57:32.506,0.31734,0.31769,0.03,0.03
2013.02.05 01:57:32.565,0.31732,0.31762,0.02,0.02
2013.02.05 01:57:32.745,0.31737,0.31773,0.02,0.03
2013.02.05 01:57:33.105,0.31736,0.31769,0.02,0.06
2013.02.05 01:57:33.167,0.31733,0.31769,0.05,0.06
2013.02.05 01:57:45.465,0.31734,0.31765,0.02,0.03
2013.02.05 01:58:05.928,0.31733,0.31768,0.03,0.07
2013.02.05 01:58:11.425,0.31733,0.31768,0.04,0.07
2013.02.05 01:58:12.043,0.31733,0.31767,0.03,0.02
2013.02.05 01:58:31.188,0.31734,0.31766,0.03,0.03
2013.02.05 01:58:31.312,0.31734,0.3177,0.02,0.03
2013.02.05 01:58:31.752,0.31736,0.31772,0.02,0.04
2013.02.05 01:58:31.805,0.31733,0.3177,0.05,0.02
2013.02.05 01:58:31.865,0.31735,0.31772,0.02,0.05
2013.02.05 01:58:32.726,0.31728,0.31758,0.02,0.02
2013.02.05 01:58:32.786,0.31733,0.31768,0.05,0.04
2013.02.05 01:58:32.905,0.31736,0.31772,0.02,0.03
2013.02.05 01:58:32.965,0.31734,0.31771,0.02,0.02
2013.02.05 01:58:33.841,0.31734,0.31768,0.03,0.04
2013.02.05 01:58:59.585,0.31731,0.31761,0.02,0.02
2013.02.05 01:58:59.705,0.31736,0.31771,0.02,0.04
2013.02.05 01:59:00.535,0.31737,0.3177,0.02,0.02
2013.02.05 01:59:00.795,0.31735,0.31771,0.02,0.04
2013.02.05 01:59:35.845,0.31729,0.31759,0.06,0.02
2013.02.05 01:59:35.965,0.31734,0.31767,0.05,0.02
2013.02.05 01:59:36.827,0.31734,0.31768,0.04,0.02
2013.02.05 01:59:56.861,0.31733,0.31767,0.05,0.02
