2017.02.28 01:00:00.802,0.18282,0.18312,0.03,0.38
2017.02.28 01:00:01.031,0.18286,0.18316,0.31,0.36
2017.02.28 01:00:01.224,0.18288,0.18318,0.12,0.27
2017.02.28 01:00:01.325,0.18291,0.18321,0.30,0.40
2017.02.28 01:00:02.072,0.18292,0.18323,0.36,0.36
2017.02.28 01:00:02.586,0.18292,0.18322,0.04,0.39
2017.02.28 01:00:02.669,0.18293,0.18327,0.20,0.45
2017.02.28 01:00:03.199,0.18296,0.18328,0.12,0.40
2017.02.28 01:00:03.705,0.18298,0.18328,0.04,0.42
2017.02.28 01:00:04.422,0.18293,0.18324,0.31,0.02
2017.02.28 01:00:05.148,0.18297,0.18327,0.35,0.40
2017.02.28 01:00:10.333,0.18299,0.18329,0.04,0.40
2017.02.28 01:00:10.886,0.18294,0.18324,0.39,0.33
2017.02.28 01:00:11.670,0.18298,0.18328,0.04,0.50
2017.02.28 01:00:11.829,0.18298,0.1833,0.04,0.52
2017.02.28 01:00:11.880,0.18299,0.18331,0.30,0.42
2017.02.28 01:00:12.418,0.18301,0.18332,0.04,0.38
2017.02.28 01:00:12.519,0.18302,0.18336,0.04,0.38
2017.02.28 01:00:12.671,0.18305,0.18335,0.32,0.37
2017.02.28 01:00:13.197,0.18306,0.18336,0.34,0.45
2017.02.28 01:00:18.535,0.18298,0.18332,0.04,0.43
2017.02.28 01:00:18.766,0.18302,0.18332,0.04,0.43
2017.02.28 01:00:21.648,0.18302,0.18335,0.34,0.39
2017.02.28 01:00:21.905,0.18305,0.18335,0.17,0.38
2017.02.28 01:00:22.432,0.183,0.18331,0.32,0.04
2017.02.28 01:00:26.274,0.18306,0.18337,0.34,0.36
2017.02.28 01:00:27.777,0.18306,0.18338,0.34,0.36
2017.02.28 01:00:27.828,0.18313,0.18347,0.04,0.36
2017.02.28 01:00:27.878,0.18308,0.18338,0.31,0.33
2017.02.28 01:00:27.991,0.18314,0.18344,0.09,0.31
2017.02.28 01:00:28.500,0.18312,0.18342,0.34,0.42
2017.02.28 01:00:29.714,0.18312,0.18342,0.03,0.34
2017.02.28 01:00:35.304,0.18307,0.18341,0.04,0.04
2017.02.28 01:00:35.492,0.18313,0.18343,0.10,0.32
2017.02.28 01:00:35.960,0.18313,0.18345,0.25,0.41
2017.02.28 01:00:36.494,0.18312,0.18342,0.38,0.26
2017.02.28 01:00:38.864,0.18308,0.1834,0.04,0.03
2017.02.28 01:00:38.914,0.18315,0.18345,0.09,0.35
2017.02.28 01:00:39.430,0.18312,0.18342,0.40,0.33
2017.02.28 01:00:39.775,0.1831,0.18344,0.04,0.37
2017.02.28 01:00:40.100,0.18314,0.18344,0.04,0.39
2017.02.28 01:00:41.314,0.18313,0.18343,0.04,0.36
2017.02.28 01:00:41.887,0.18308,0.18338,0.35,0.20
2017.02.28 01:00:43.038,0.18305,0.18336,0.37,0.04
2017.02.28 01:00:47.949,0.18311,0.18342,0.10,0.33
2017.02.28 01:00:48.457,0.18313,0.18343,0.35,0.39
2017.02.28 01:00:49.220,0.18308,0.18338,0.08,0.36
2017.02.28 01:00:49.822,0.18313,0.18343,0.08,0.30
2017.02.28 01:00:50.323,0.18308,0.18338,0.08,0.28
2017.02.28 01:00:50.686,0.18312,0.18346,0.08,0.32
2017.02.28 01:00:51.239,0.18312,0.18342,0.43,0.34
2017.02.28 01:00:53.455,0.1831,0.18344,0.04,0.38
2017.02.28 01:00:53.881,0.18314,0.18344,0.04,0.43
2017.02.28 01:00:54.834,0.18313,0.18343,0.29,0.28
2017.02.28 01:00:55.135,0.18315,0.18345,0.38,0.41
2017.02.28 01:00:55.581,0.18313,0.18343,0.18,0.39
2017.02.28 01:00:56.191,0.18312,0.18342,0.04,0.34
2017.02.28 01:01:00.127,0.18307,0.18341,0.04,0.35
2017.02.28 01:01:00.729,0.18312,0.18342,0.29,0.35
2017.02.28 01:01:02.893,0.18313,0.18343,0.04,0.30
2017.02.28 01:01:03.555,0.18312,0.18342,0.04,0.31
2017.02.28 01:01:09.114,0.18311,0.18341,0.09,0.41
2017.02.28 01:01:15.783,0.18306,0.18337,0.03,0.38
2017.02.28 01:01:16.391,0.18306,0.18336,0.33,0.08
2017.02.28 01:01:17.701,0.18311,0.18341,0.32,0.37
2017.02.28 01:01:20.199,0.1831,0.1834,0.35,0.28
2017.02.28 01:01:22.226,0.18311,0.18341,0.04,0.32
2017.02.28 01:01:22.424,0.18304,0.18335,0.04,0.03
2017.02.28 01:01:22.653,0.18308,0.18338,0.13,0.37
2017.02.28 01:01:25.408,0.18308,0.1834,0.31,0.36
2017.02.28 01:01:26.008,0.18307,0.18337,0.03,0.19
2017.02.28 01:01:38.410,0.18304,0.18335,0.04,0.03
2017.02.28 01:01:38.638,0.18304,0.18334,0.30,0.28
2017.02.28 01:01:50.235,0.18307,0.18338,0.15,0.35
2017.02.28 01:02:06.617,0.18298,0.18332,0.04,0.04
2017.02.28 01:02:06.807,0.18301,0.18331,0.19,0.36
2017.02.28 01:02:07.311,0.183,0.1833,0.32,0.29
2017.02.28 01:02:11.044,0.18301,0.18332,0.34,0.33
2017.02.28 01:02:11.626,0.18301,0.18333,0.32,0.39
2017.02.28 01:02:12.207,0.183,0.1833,0.34,0.27
2017.02.28 01:02:12.759,0.183,0.18332,0.34,0.31
2017.02.28 01:02:24.421,0.18302,0.18336,0.08,0.37
2017.02.28 01:02:24.471,0.18303,0.18333,0.13,0.36
2017.02.28 01:02:24.909,0.18299,0.18333,0.04,0.30
2017.02.28 01:02:25.042,0.18303,0.18333,0.21,0.45
2017.02.28 01:02:36.934,0.18302,0.18336,0.24,0.36
2017.02.28 01:02:37.064,0.18305,0.18335,0.04,0.31
2017.02.28 01:02:39.099,0.18299,0.18333,0.04,0.31
2017.02.28 01:02:39.267,0.18299,0.18329,0.36,0.36
2017.02.28 01:02:40.920,0.18302,0.18335,0.13,0.39
2017.02.28 01:02:41.712,0.18305,0.18335,0.33,0.39
2017.02.28 01:02:42.373,0.18303,0.18333,0.32,0.33
2017.02.28 01:02:43.644,0.18303,0.18336,0.33,0.34
2017.02.28 01:02:44.352,0.18305,0.18335,0.20,0.32
2017.02.28 01:02:45.874,0.18299,0.18333,0.34,0.37
2017.02.28 01:02:46.025,0.18302,0.18332,0.29,0.42
2017.02.28 01:02:46.663,0.18299,0.18329,0.32,0.10
2017.02.28 01:02:56.139,0.183,0.1833,0.32,0.40
2017.02.28 01:02:59.704,0.183,0.18332,0.32,0.43
2017.02.28 01:03:04.889,0.18295,0.18326,0.04,0.34
2017.02.28 01:03:05.455,0.18297,0.18327,0.28,0.30
2017.02.28 01:03:05.812,0.18298,0.18332,0.04,0.30
2017.02.28 01:03:06.016,0.18301,0.18331,0.12,0.36
2017.02.28 01:03:09.341,0.18301,0.18332,0.13,0.39
2017.02.28 01:03:10.359,0.18301,0.18333,0.16,0.44
2017.02.28 01:03:13.631,0.183,0.1833,0.04,0.35
2017.02.28 01:03:14.733,0.18301,0.18331,0.19,0.39
2017.02.28 01:03:25.604,0.18302,0.18336,0.06,0.36
2017.02.28 01:03:25.776,0.18304,0.18334,0.04,0.33
2017.02.28 01:03:26.295,0.18305,0.18335,0.33,0.38
2017.02.28 01:03:32.650,0.18305,0.18338,0.34,0.31
2017.02.28 01:03:33.357,0.18308,0.18338,0.08,0.35
2017.02.28 01:03:40.880,0.18306,0.1834,0.42,0.28
2017.02.28 01:03:41.151,0.18306,0.18336,0.31,0.10
2017.02.28 01:03:41.657,0.18305,0.18336,0.03,0.35
2017.02.28 01:03:42.169,0.18308,0.18338,0.16,0.36
2017.02.28 01:03:42.876,0.1831,0.18341,0.31,0.39
2017.02.28 01:03:43.471,0.18309,0.18339,0.34,0.43
2017.02.28 01:03:45.359,0.18309,0.1834,0.28,0.37
2017.02.28 01:03:45.861,0.18304,0.18335,0.04,0.04
2017.02.28 01:03:45.993,0.18304,0.18334,0.08,0.32
2017.02.28 01:03:46.868,0.18308,0.1834,0.04,0.36
2017.02.28 01:03:47.854,0.18304,0.18338,0.04,0.37
2017.02.28 01:03:47.996,0.18304,0.18334,0.32,0.18
2017.02.28 01:03:52.810,0.18309,0.18339,0.02,0.43
2017.02.28 01:03:53.829,0.18308,0.18338,0.10,0.37
2017.02.28 01:03:54.412,0.18309,0.18339,0.12,0.36
2017.02.28 01:03:55.188,0.18304,0.18334,0.34,0.09
2017.02.28 01:03:58.761,0.18309,0.18339,0.22,0.33
2017.02.28 01:04:01.026,0.18304,0.18334,0.38,0.09
2017.02.28 01:04:01.853,0.18309,0.18339,0.39,0.43
2017.02.28 01:04:04.359,0.18308,0.18338,0.33,0.36
2017.02.28 01:04:34.021,0.18309,0.18339,0.22,0.46
2017.02.28 01:04:34.627,0.18304,0.18334,0.37,0.05
2017.02.28 01:04:36.338,0.18309,0.18339,0.04,0.34
2017.02.28 01:04:38.037,0.18308,0.18338,0.26,0.35
2017.02.28 01:04:59.966,0.18309,0.18339,0.29,0.38
2017.02.28 01:05:00.738,0.18308,0.18338,0.04,0.37
2017.02.28 01:05:03.927,0.18309,0.18339,0.04,0.45
2017.02.28 01:05:04.911,0.18304,0.18335,0.03,0.33
2017.02.28 01:05:05.065,0.18311,0.18341,0.35,0.43
2017.02.28 01:05:05.498,0.18304,0.18334,0.34,0.21
2017.02.28 01:05:05.599,0.18311,0.18341,0.30,0.33
2017.02.28 01:05:09.373,0.1831,0.1834,0.27,0.44
2017.02.28 01:05:09.572,0.18304,0.18334,0.35,0.24
2017.02.28 01:05:22.706,0.18309,0.18339,0.04,0.35
2017.02.28 01:05:30.752,0.18309,0.18339,0.04,0.35
2017.02.28 01:05:30.914,0.18312,0.18342,0.16,0.31
2017.02.28 01:05:31.858,0.18307,0.18337,0.43,0.13
2017.02.28 01:05:32.339,0.18304,0.18338,0.04,0.34
2017.02.28 01:05:32.513,0.1831,0.1834,0.04,0.40
2017.02.28 01:05:33.856,0.1831,0.18341,0.31,0.43
2017.02.28 01:05:34.067,0.18313,0.18343,0.04,0.35
2017.02.28 01:05:34.630,0.18312,0.18342,0.24,0.48
2017.02.28 01:05:39.632,0.18315,0.18345,0.20,0.43
2017.02.28 01:05:40.196,0.18314,0.18344,0.29,0.31
2017.02.28 01:05:40.704,0.18309,0.18339,0.33,0.02
2017.02.28 01:05:42.338,0.18314,0.18344,0.21,0.40
2017.02.28 01:05:46.043,0.18315,0.18345,0.24,0.38
2017.02.28 01:05:46.799,0.18314,0.18344,0.29,0.39
2017.02.28 01:05:49.066,0.18304,0.18338,0.04,0.04
2017.02.28 01:05:49.275,0.1831,0.1834,0.31,0.39
2017.02.28 01:05:57.903,0.18311,0.18341,0.41,0.33
2017.02.28 01:05:58.254,0.18307,0.18337,0.03,0.22
2017.02.28 01:05:58.418,0.18315,0.18345,0.11,0.36
2017.02.28 01:05:59.011,0.18314,0.18344,0.29,0.37
2017.02.28 01:05:59.553,0.18313,0.18343,0.30,0.43
2017.02.28 01:06:02.042,0.18304,0.18335,0.04,0.02
2017.02.28 01:06:02.204,0.1831,0.1834,0.14,0.40
2017.02.28 01:06:05.961,0.18303,0.18337,0.04,0.42
2017.02.28 01:06:13.329,0.18302,0.18332,0.04,0.03
2017.02.28 01:06:13.379,0.18302,0.18334,0.04,0.03
2017.02.28 01:06:13.479,0.18308,0.18338,0.04,0.40
2017.02.28 01:06:13.643,0.1831,0.1834,0.16,0.42
2017.02.28 01:06:14.268,0.18309,0.18339,0.30,0.45
2017.02.28 01:06:15.476,0.1831,0.1834,0.04,0.44
2017.02.28 01:06:16.219,0.18304,0.18334,0.35,0.02
2017.02.28 01:06:16.934,0.1831,0.1834,0.04,0.49
2017.02.28 01:06:18.183,0.18309,0.18339,0.35,0.32
2017.02.28 01:06:19.674,0.1831,0.1834,0.04,0.46
2017.02.28 01:06:20.243,0.18309,0.18339,0.27,0.41
2017.02.28 01:06:20.768,0.1831,0.1834,0.04,0.47
2017.02.28 01:06:21.285,0.18309,0.18339,0.30,0.37
2017.02.28 01:06:22.048,0.1831,0.1834,0.04,0.39
2017.02.28 01:06:25.456,0.18309,0.18339,0.35,0.47
2017.02.28 01:06:26.358,0.1831,0.1834,0.04,0.40
2017.02.28 01:06:27.111,0.18309,0.18339,0.41,0.43
2017.02.28 01:06:27.720,0.18305,0.18335,0.34,0.09
2017.02.28 01:06:28.965,0.18309,0.18339,0.31,0.34
2017.02.28 01:06:29.467,0.1831,0.1834,0.04,0.46
2017.02.28 01:06:31.574,0.18309,0.18339,0.34,0.46
2017.02.28 01:06:35.209,0.1831,0.1834,0.04,0.42
2017.02.28 01:06:35.759,0.18309,0.18339,0.33,0.42
2017.02.28 01:06:40.800,0.1831,0.1834,0.04,0.44
2017.02.28 01:06:41.546,0.183,0.18331,0.04,0.03
2017.02.28 01:06:41.712,0.18302,0.18332,0.43,0.31
2017.02.28 01:06:41.903,0.18309,0.18339,0.31,0.47
2017.02.28 01:06:42.410,0.18308,0.18338,0.35,0.38
2017.02.28 01:06:43.020,0.18309,0.18339,0.26,0.39
2017.02.28 01:06:44.370,0.18304,0.18338,0.04,0.39
2017.02.28 01:06:49.076,0.18303,0.18337,0.04,0.37
2017.02.28 01:06:54.942,0.183,0.18334,0.04,0.06
2017.02.28 01:06:55.046,0.18305,0.18335,0.20,0.30
2017.02.28 01:06:55.634,0.18304,0.18334,0.37,0.41
2017.02.28 01:07:00.792,0.18305,0.18335,0.39,0.50
2017.02.28 01:07:01.781,0.18304,0.18335,0.37,0.39
2017.02.28 01:07:15.379,0.18305,0.18335,0.32,0.40
2017.02.28 01:07:16.104,0.18304,0.18334,0.28,0.37
2017.02.28 01:07:18.883,0.18305,0.18335,0.04,0.46
2017.02.28 01:07:20.485,0.18304,0.18334,0.37,0.43
2017.02.28 01:07:30.865,0.183,0.1833,0.03,0.22
2017.02.28 01:07:46.683,0.18299,0.18329,0.03,0.04
2017.02.28 01:07:47.450,0.18303,0.18333,0.04,0.41
2017.02.28 01:07:49.480,0.183,0.1833,0.43,0.06
2017.02.28 01:07:54.646,0.18305,0.18335,0.04,0.42
2017.02.28 01:07:54.697,0.18304,0.18334,0.34,0.03
2017.02.28 01:07:54.848,0.18307,0.18337,0.33,0.43
2017.02.28 01:07:55.937,0.18301,0.18333,0.04,0.22
2017.02.28 01:07:57.358,0.18302,0.18333,0.03,0.37
2017.02.28 01:07:58.072,0.18301,0.18335,0.04,0.41
2017.02.28 01:07:58.649,0.18307,0.18337,0.39,0.40
2017.02.28 01:08:03.306,0.183,0.18334,0.04,0.39
2017.02.28 01:08:03.474,0.18305,0.18335,0.28,0.34
2017.02.28 01:08:04.016,0.18304,0.18334,0.29,0.40
2017.02.28 01:08:04.721,0.18305,0.18335,0.38,0.49
2017.02.28 01:08:05.335,0.18306,0.18336,0.17,0.39
2017.02.28 01:08:07.131,0.18305,0.18335,0.41,0.39
2017.02.28 01:08:07.288,0.18299,0.18329,0.03,0.21
2017.02.28 01:08:07.827,0.18304,0.18334,0.17,0.37
2017.02.28 01:08:19.732,0.18305,0.18335,0.04,0.35
2017.02.28 01:08:20.278,0.18305,0.18336,0.04,0.33
2017.02.28 01:08:20.828,0.18307,0.18337,0.34,0.37
2017.02.28 01:08:23.549,0.18307,0.18337,0.35,0.43
2017.02.28 01:08:49.304,0.18303,0.18333,0.03,0.13
2017.02.28 01:09:00.492,0.18308,0.18338,0.18,0.30
2017.02.28 01:09:34.024,0.18303,0.18333,0.03,0.04
2017.02.28 01:09:40.476,0.18307,0.18337,0.39,0.37
2017.02.28 01:09:49.742,0.18308,0.18338,0.13,0.35
2017.02.28 01:09:54.049,0.18303,0.18333,0.03,0.04
2017.02.28 01:10:09.995,0.18303,0.18334,0.03,0.28
2017.02.28 01:10:10.792,0.18303,0.18333,0.37,0.15
2017.02.28 01:10:30.095,0.18306,0.18336,0.21,0.34
2017.02.28 01:10:30.655,0.18307,0.18337,0.04,0.36
2017.02.28 01:10:33.108,0.18301,0.18335,0.04,0.36
2017.02.28 01:10:33.309,0.18304,0.18334,0.12,0.39
2017.02.28 01:10:33.360,0.18304,0.18336,0.12,0.40
2017.02.28 01:10:33.962,0.18302,0.18332,0.03,0.04
2017.02.28 01:10:35.285,0.18301,0.18332,0.37,0.04
2017.02.28 01:10:45.345,0.18303,0.18333,0.38,0.26
2017.02.28 01:10:45.932,0.18304,0.18334,0.40,0.14
2017.02.28 01:10:57.310,0.18303,0.18333,0.03,0.36
2017.02.28 01:11:06.084,0.18307,0.18338,0.33,0.39
2017.02.28 01:11:09.258,0.18306,0.18339,0.34,0.36
2017.02.28 01:11:09.840,0.18307,0.18337,0.31,0.38
2017.02.28 01:11:30.478,0.18306,0.18336,0.33,0.32
2017.02.28 01:11:32.680,0.18307,0.18337,0.04,0.38
2017.02.28 01:11:42.193,0.18306,0.18336,0.04,0.34
2017.02.28 01:11:44.498,0.18307,0.18337,0.42,0.37
2017.02.28 01:12:26.742,0.18301,0.18335,0.04,0.40
2017.02.28 01:12:26.792,0.18305,0.18335,0.34,0.41
2017.02.28 01:12:38.194,0.18303,0.18333,0.04,0.40
2017.02.28 01:12:42.201,0.18303,0.18333,0.36,0.42
2017.02.28 01:12:42.362,0.18299,0.18329,0.03,0.37
2017.02.28 01:12:53.871,0.18298,0.18328,0.03,0.28
2017.02.28 01:13:06.868,0.18297,0.18327,0.33,0.34
2017.02.28 01:13:07.190,0.18297,0.18327,0.03,0.35
2017.02.28 01:13:07.893,0.18295,0.18329,0.04,0.36
2017.02.28 01:13:08.396,0.18298,0.18328,0.35,0.37
2017.02.28 01:13:09.245,0.18296,0.18326,0.34,0.46
2017.02.28 01:13:17.059,0.18297,0.18327,0.29,0.40
2017.02.28 01:13:17.628,0.18296,0.18326,0.22,0.36
2017.02.28 01:13:29.346,0.18296,0.18328,0.34,0.33
2017.02.28 01:13:42.387,0.18296,0.18327,0.35,0.31
2017.02.28 01:13:42.949,0.18296,0.18326,0.04,0.38
2017.02.28 01:13:43.702,0.18296,0.18326,0.33,0.43
2017.02.28 01:13:47.725,0.18296,0.18326,0.04,0.38
2017.02.28 01:13:48.277,0.18296,0.18326,0.37,0.32
2017.02.28 01:13:48.821,0.18296,0.18326,0.04,0.47
2017.02.28 01:13:54.024,0.18296,0.18326,0.34,0.37
2017.02.28 01:13:54.728,0.18296,0.18329,0.34,0.37
2017.02.28 01:13:56.429,0.18296,0.18326,0.04,0.32
2017.02.28 01:14:01.037,0.18296,0.18326,0.32,0.42
2017.02.28 01:14:05.146,0.18296,0.18326,0.04,0.39
2017.02.28 01:14:05.816,0.18296,0.18326,0.34,0.36
2017.02.28 01:14:21.281,0.18296,0.18326,0.04,0.34
2017.02.28 01:14:23.496,0.18296,0.18326,0.44,0.28
2017.02.28 01:14:24.421,0.18296,0.18326,0.04,0.39
2017.02.28 01:14:24.920,0.18296,0.18326,0.04,0.43
2017.02.28 01:14:24.970,0.18291,0.18321,0.03,0.04
2017.02.28 01:14:25.488,0.18293,0.18323,0.18,0.36
2017.02.28 01:14:26.023,0.18292,0.18322,0.31,0.42
2017.02.28 01:14:26.939,0.18294,0.18326,0.30,0.49
2017.02.28 01:14:29.990,0.18291,0.18321,0.03,0.28
2017.02.28 01:14:30.201,0.18287,0.18317,0.43,0.31
2017.02.28 01:14:30.830,0.18292,0.18322,0.04,0.03
2017.02.28 01:14:40.829,0.18291,0.18321,0.04,0.31
2017.02.28 01:14:41.333,0.18291,0.18321,0.33,0.34
2017.02.28 01:14:41.866,0.18291,0.18321,0.04,0.29
2017.02.28 01:14:43.027,0.18291,0.18323,0.04,0.33
2017.02.28 01:14:47.653,0.18288,0.18318,0.39,0.28
2017.02.28 01:14:47.764,0.18291,0.18321,0.28,0.36
2017.02.28 01:14:48.154,0.1829,0.1832,0.39,0.33
2017.02.28 01:14:48.488,0.18289,0.18323,0.40,0.43
2017.02.28 01:14:48.648,0.18291,0.18323,0.24,0.43
2017.02.28 01:14:49.191,0.1829,0.1832,0.04,0.35
2017.02.28 01:14:49.337,0.18286,0.18316,0.03,0.26
2017.02.28 01:14:49.570,0.18287,0.18317,0.25,0.38
2017.02.28 01:14:49.753,0.1829,0.1832,0.42,0.37
2017.02.28 01:14:49.927,0.18289,0.1832,0.40,0.42
2017.02.28 01:14:50.594,0.18287,0.18317,0.04,0.37
2017.02.28 01:14:51.131,0.18282,0.18312,0.37,0.32
2017.02.28 01:14:58.801,0.18287,0.18317,0.33,0.32
2017.02.28 01:14:59.063,0.1829,0.18321,0.38,0.39
2017.02.28 01:14:59.587,0.18289,0.18319,0.43,0.37
2017.02.28 01:15:00.006,0.18291,0.18321,0.12,0.42
2017.02.28 01:15:00.541,0.18291,0.18324,0.13,0.44
2017.02.28 01:15:01.052,0.18286,0.18316,0.43,0.36
2017.02.28 01:15:01.487,0.1829,0.1832,0.35,0.30
2017.02.28 01:15:01.536,0.1829,0.18324,0.39,0.35
2017.02.28 01:15:01.587,0.1829,0.18322,0.36,0.33
2017.02.28 01:15:02.439,0.18286,0.18316,0.03,0.28
2017.02.28 01:15:02.981,0.18281,0.18311,0.39,0.14
2017.02.28 01:15:03.482,0.18285,0.18315,0.40,0.37
2017.02.28 01:15:04.112,0.18286,0.18316,0.37,0.36
2017.02.28 01:15:04.829,0.18285,0.18315,0.32,0.43
2017.02.28 01:15:12.638,0.18284,0.18314,0.28,0.31
2017.02.28 01:15:12.738,0.18286,0.18316,0.12,0.30
2017.02.28 01:15:13.249,0.18285,0.18315,0.39,0.31
2017.02.28 01:15:19.921,0.18286,0.18316,0.14,0.35
2017.02.28 01:15:20.478,0.18286,0.18316,0.02,0.34
2017.02.28 01:15:37.442,0.18285,0.18317,0.04,0.05
2017.02.28 01:15:40.414,0.18284,0.18316,0.04,0.03
2017.02.28 01:15:46.568,0.18285,0.18319,0.04,0.06
2017.02.28 01:16:00.072,0.18286,0.1832,0.04,0.11
2017.02.28 01:16:00.985,0.18285,0.18315,0.29,0.43
2017.02.28 01:16:09.447,0.18285,0.18319,0.33,0.47
2017.02.28 01:16:10.453,0.18286,0.18316,0.29,0.40
2017.02.28 01:16:27.530,0.18285,0.18315,0.38,0.36
2017.02.28 01:16:36.144,0.18286,0.18316,0.22,0.33
2017.02.28 01:16:37.367,0.18289,0.18323,0.04,0.39
2017.02.28 01:16:37.469,0.1829,0.1832,0.04,0.35
2017.02.28 01:16:37.569,0.18291,0.18321,0.37,0.36
2017.02.28 01:16:38.097,0.18292,0.18322,0.04,0.40
2017.02.28 01:16:39.541,0.18295,0.18329,0.04,0.43
2017.02.28 01:16:39.591,0.18296,0.18326,0.02,0.34
2017.02.28 01:16:39.801,0.18296,0.18327,0.02,0.39
2017.02.28 01:16:41.104,0.18291,0.18321,0.03,0.08
2017.02.28 01:16:41.609,0.18292,0.18322,0.33,0.27
2017.02.28 01:16:46.711,0.18295,0.18325,0.09,0.37
2017.02.28 01:16:47.217,0.18292,0.18322,0.37,0.40
2017.02.28 01:16:48.180,0.18292,0.18322,0.04,0.37
2017.02.28 01:16:48.852,0.18292,0.18322,0.41,0.33
2017.02.28 01:16:49.480,0.18291,0.18321,0.36,0.38
2017.02.28 01:16:50.879,0.18292,0.18322,0.09,0.37
2017.02.28 01:16:53.856,0.18292,0.18324,0.10,0.43
2017.02.28 01:16:55.212,0.18291,0.18321,0.32,0.34
2017.02.28 01:16:55.920,0.1829,0.1832,0.35,0.31
2017.02.28 01:16:56.368,0.18286,0.18317,0.04,0.28
2017.02.28 01:16:56.519,0.1829,0.18323,0.30,0.31
2017.02.28 01:16:57.087,0.18291,0.18321,0.13,0.34
2017.02.28 01:16:58.382,0.18289,0.18319,0.34,0.41
2017.02.28 01:16:59.004,0.18288,0.18318,0.24,0.46
2017.02.28 01:17:00.860,0.18288,0.18319,0.15,0.03
2017.02.28 01:17:01.190,0.18291,0.18323,0.23,0.44
2017.02.28 01:17:03.587,0.18291,0.18321,0.04,0.35
2017.02.28 01:17:04.133,0.18289,0.18319,0.36,0.26
2017.02.28 01:17:04.690,0.1829,0.1832,0.32,0.42
2017.02.28 01:17:06.857,0.18286,0.18316,0.03,0.14
2017.02.28 01:17:07.028,0.18282,0.18312,0.35,0.42
2017.02.28 01:17:07.214,0.1829,0.1832,0.18,0.36
2017.02.28 01:17:07.756,0.18291,0.18323,0.29,0.47
2017.02.28 01:17:07.905,0.18286,0.18317,0.04,0.41
2017.02.28 01:17:08.297,0.18282,0.18312,0.37,0.08
2017.02.28 01:17:09.618,0.18287,0.18317,0.29,0.28
2017.02.28 01:17:10.556,0.18287,0.18321,0.33,0.33
2017.02.28 01:17:10.606,0.1829,0.1832,0.15,0.39
2017.02.28 01:17:11.886,0.18286,0.18316,0.03,0.11
2017.02.28 01:17:12.468,0.18287,0.18317,0.33,0.40
2017.02.28 01:17:13.015,0.18287,0.18317,0.04,0.27
2017.02.28 01:17:13.205,0.1829,0.1832,0.08,0.31
2017.02.28 01:17:13.806,0.18288,0.18321,0.15,0.45
2017.02.28 01:17:14.345,0.1829,0.1832,0.29,0.42
2017.02.28 01:17:15.132,0.18286,0.18316,0.03,0.13
2017.02.28 01:17:15.665,0.18287,0.18317,0.31,0.36
2017.02.28 01:17:15.901,0.18289,0.18323,0.04,0.41
2017.02.28 01:17:16.052,0.18291,0.18321,0.33,0.42
2017.02.28 01:17:19.030,0.18291,0.18321,0.40,0.41
2017.02.28 01:17:35.340,0.18292,0.18324,0.04,0.39
2017.02.28 01:17:37.163,0.18292,0.18322,0.31,0.36
2017.02.28 01:17:37.714,0.18291,0.18321,0.30,0.34
2017.02.28 01:17:38.990,0.18292,0.18322,0.13,0.31
2017.02.28 01:17:40.901,0.18291,0.18324,0.20,0.42
2017.02.28 01:17:43.388,0.18291,0.18323,0.26,0.36
2017.02.28 01:17:43.775,0.18291,0.18321,0.28,0.44
2017.02.28 01:17:44.105,0.18291,0.18321,0.40,0.33
2017.02.28 01:17:49.343,0.18286,0.1832,0.04,0.33
2017.02.28 01:17:54.297,0.18291,0.18323,0.33,0.42
2017.02.28 01:18:04.410,0.18291,0.18321,0.34,0.29
2017.02.28 01:18:04.829,0.18293,0.18323,0.18,0.40
2017.02.28 01:18:05.510,0.18289,0.18319,0.03,0.37
2017.02.28 01:18:23.953,0.18292,0.18324,0.31,0.38
2017.02.28 01:18:33.348,0.18295,0.18325,0.38,0.38
2017.02.28 01:18:33.955,0.18296,0.18326,0.35,0.39
2017.02.28 01:18:34.574,0.18295,0.18325,0.38,0.33
2017.02.28 01:18:37.248,0.18293,0.18323,0.30,0.43
2017.02.28 01:18:38.651,0.18293,0.18326,0.04,0.34
2017.02.28 01:18:38.751,0.18296,0.18326,0.12,0.38
2017.02.28 01:18:40.209,0.1829,0.18323,0.36,0.44
2017.02.28 01:18:40.928,0.18292,0.18322,0.36,0.33
2017.02.28 01:18:41.183,0.1829,0.18321,0.04,0.02
2017.02.28 01:18:41.287,0.18293,0.18323,0.42,0.37
2017.02.28 01:18:45.361,0.18296,0.18326,0.13,0.46
2017.02.28 01:18:45.462,0.18296,0.18327,0.14,0.44
2017.02.28 01:18:46.893,0.18292,0.18323,0.04,0.35
2017.02.28 01:18:47.515,0.1829,0.18322,0.04,0.07
2017.02.28 01:18:47.568,0.18293,0.18323,0.38,0.28
2017.02.28 01:18:49.642,0.18293,0.18327,0.08,0.43
2017.02.28 01:18:49.692,0.18296,0.18326,0.10,0.36
2017.02.28 01:18:54.082,0.18298,0.18328,0.04,0.40
2017.02.28 01:18:56.245,0.18292,0.18326,0.04,0.40
2017.02.28 01:18:56.296,0.18296,0.18326,0.29,0.43
2017.02.28 01:18:56.623,0.18298,0.18328,0.37,0.38
2017.02.28 01:19:07.233,0.18298,0.18329,0.04,0.38
2017.02.28 01:19:12.393,0.18298,0.1833,0.04,0.40
2017.02.28 01:19:12.902,0.18298,0.18328,0.04,0.35
2017.02.28 01:19:14.125,0.18298,0.18328,0.04,0.41
2017.02.28 01:19:15.259,0.18299,0.18329,0.04,0.40
2017.02.28 01:19:15.928,0.18297,0.18327,0.39,0.34
2017.02.28 01:19:16.458,0.18298,0.18328,0.40,0.31
2017.02.28 01:19:19.162,0.18297,0.18327,0.39,0.33
2017.02.28 01:19:19.737,0.18298,0.18328,0.40,0.36
2017.02.28 01:19:20.640,0.18298,0.18328,0.04,0.40
2017.02.28 01:19:22.748,0.18299,0.18333,0.04,0.40
2017.02.28 01:19:22.849,0.18301,0.18331,0.37,0.42
2017.02.28 01:19:23.437,0.18302,0.18332,0.13,0.40
2017.02.28 01:19:24.648,0.18301,0.18333,0.40,0.33
2017.02.28 01:19:32.968,0.18298,0.18328,0.03,0.04
2017.02.28 01:19:33.672,0.18301,0.18331,0.27,0.43
2017.02.28 01:19:36.079,0.18296,0.18327,0.04,0.38
2017.02.28 01:19:36.465,0.18301,0.18331,0.33,0.33
2017.02.28 01:19:38.564,0.18296,0.18327,0.04,0.29
2017.02.28 01:19:39.070,0.183,0.1833,0.04,0.41
2017.02.28 01:19:40.482,0.18298,0.18328,0.04,0.39
2017.02.28 01:19:41.010,0.18301,0.18331,0.23,0.41
2017.02.28 01:19:41.641,0.18297,0.18327,0.41,0.30
2017.02.28 01:19:42.550,0.18297,0.18329,0.42,0.33
2017.02.28 01:19:45.834,0.18294,0.18324,0.03,0.40
2017.02.28 01:19:51.015,0.18291,0.18325,0.04,0.36
2017.02.28 01:19:51.097,0.18292,0.18322,0.20,0.34
2017.02.28 01:19:51.839,0.18295,0.18325,0.09,0.39
2017.02.28 01:19:58.375,0.18294,0.18328,0.45,0.37
2017.02.28 01:19:58.425,0.18296,0.18326,0.19,0.40
2017.02.28 01:20:06.380,0.18292,0.18326,0.04,0.35
2017.02.28 01:20:06.481,0.18293,0.18323,0.28,0.32
2017.02.28 01:20:10.544,0.18293,0.18323,0.04,0.36
2017.02.28 01:20:12.448,0.18296,0.18326,0.35,0.31
2017.02.28 01:20:12.549,0.18297,0.18327,0.08,0.31
2017.02.28 01:20:13.053,0.18298,0.18328,0.33,0.39
2017.02.28 01:20:17.659,0.18298,0.18329,0.04,0.39
2017.02.28 01:20:55.184,0.18291,0.18325,0.04,0.41
2017.02.28 01:20:55.234,0.18293,0.18323,0.25,0.49
2017.02.28 01:20:55.472,0.18294,0.18328,0.04,0.34
2017.02.28 01:20:55.605,0.18298,0.18328,0.38,0.38
2017.02.28 01:20:58.577,0.18293,0.18323,0.03,0.04
2017.02.28 01:20:59.084,0.18296,0.18328,0.34,0.38
2017.02.28 01:20:59.874,0.18293,0.18327,0.04,0.43
2017.02.28 01:21:00.408,0.18296,0.18328,0.38,0.39
2017.02.28 01:21:04.093,0.18291,0.18325,0.04,0.39
2017.02.28 01:21:04.143,0.18292,0.18322,0.30,0.37
2017.02.28 01:21:04.664,0.18293,0.18323,0.34,0.38
2017.02.28 01:21:09.335,0.18293,0.18323,0.04,0.36
2017.02.28 01:21:39.935,0.18293,0.18324,0.37,0.30
2017.02.28 01:21:42.795,0.18296,0.18326,0.16,0.36
2017.02.28 01:21:43.102,0.18296,0.18328,0.30,0.36
2017.02.28 01:21:43.637,0.18293,0.18327,0.04,0.35
2017.02.28 01:21:44.337,0.18296,0.18326,0.28,0.37
2017.02.28 01:21:45.998,0.18293,0.18323,0.30,0.34
2017.02.28 01:21:47.800,0.18296,0.18326,0.04,0.32
2017.02.28 01:21:48.529,0.18293,0.18323,0.31,0.45
2017.02.28 01:21:55.661,0.18293,0.18323,0.04,0.29
2017.02.28 01:22:00.432,0.18293,0.18323,0.22,0.36
2017.02.28 01:22:06.233,0.18292,0.18322,0.34,0.35
2017.02.28 01:22:06.809,0.18293,0.18323,0.38,0.35
2017.02.28 01:22:09.703,0.18293,0.18324,0.38,0.35
2017.02.28 01:22:11.953,0.18292,0.18323,0.41,0.45
2017.02.28 01:22:13.084,0.18292,0.18324,0.41,0.45
2017.02.28 01:22:13.623,0.18292,0.18324,0.41,0.45
2017.02.28 01:22:19.839,0.18292,0.18325,0.41,0.45
2017.02.28 01:22:21.378,0.18293,0.18323,0.09,0.30
2017.02.28 01:22:31.731,0.18295,0.18329,0.04,0.29
2017.02.28 01:22:31.782,0.18296,0.18326,0.21,0.34
2017.02.28 01:22:32.562,0.18297,0.18327,0.35,0.35
2017.02.28 01:24:40.589,0.18298,0.1833,0.11,0.39
2017.02.28 01:24:53.220,0.18298,0.18329,0.29,0.03
2017.02.28 01:24:53.321,0.18301,0.18331,0.04,0.33
2017.02.28 01:24:53.371,0.18301,0.18334,0.04,0.39
2017.02.28 01:24:53.422,0.18303,0.18333,0.25,0.36
2017.02.28 01:25:40.571,0.18296,0.18326,0.34,0.36
2017.02.28 01:25:40.704,0.18302,0.18332,0.34,0.44
2017.02.28 01:25:54.268,0.18297,0.18331,0.04,0.44
2017.02.28 01:25:54.801,0.18293,0.18323,0.35,0.33
2017.02.28 01:25:58.707,0.18298,0.18328,0.19,0.41
2017.02.28 01:26:02.536,0.18297,0.18327,0.40,0.31
2017.02.28 01:26:03.146,0.18297,0.1833,0.37,0.37
2017.02.28 01:26:08.631,0.18298,0.18328,0.25,0.43
2017.02.28 01:26:09.141,0.18298,0.18331,0.25,0.45
2017.02.28 01:26:13.421,0.183,0.18334,0.04,0.45
2017.02.28 01:26:13.531,0.18301,0.18331,0.37,0.34
2017.02.28 01:27:33.865,0.18297,0.18327,0.04,0.38
2017.02.28 01:27:33.974,0.183,0.1833,0.22,0.39
2017.02.28 01:27:38.707,0.18299,0.18333,0.04,0.42
2017.02.28 01:27:38.758,0.18301,0.18331,0.12,0.37
2017.02.28 01:27:42.494,0.18298,0.18328,0.03,0.31
2017.02.28 01:27:43.772,0.18303,0.18333,0.12,0.37
2017.02.28 01:28:24.825,0.18303,0.18334,0.22,0.39
2017.02.28 01:29:58.425,0.18296,0.1833,0.04,0.36
2017.02.28 01:29:58.476,0.18297,0.18327,0.33,0.38
2017.02.28 01:29:59.368,0.18297,0.18329,0.33,0.36
2017.02.28 01:30:28.104,0.18298,0.18329,0.20,0.38
2017.02.28 01:30:28.265,0.18301,0.18331,0.04,0.39
2017.02.28 01:30:28.994,0.18299,0.1833,0.10,0.47
2017.02.28 01:30:29.923,0.18297,0.18327,0.31,0.40
2017.02.28 01:30:30.436,0.18298,0.18328,0.12,0.42
2017.02.28 01:30:31.627,0.18297,0.18327,0.31,0.37
2017.02.28 01:30:32.128,0.18298,0.18328,0.21,0.37
2017.02.28 01:30:33.814,0.18299,0.18333,0.22,0.34
2017.02.28 01:30:34.033,0.18303,0.18333,0.33,0.40
2017.02.28 01:30:37.556,0.18297,0.18331,0.04,0.41
2017.02.28 01:30:37.841,0.18303,0.18333,0.33,0.32
2017.02.28 01:30:55.307,0.18302,0.18333,0.35,0.33
2017.02.28 01:31:01.975,0.18303,0.18334,0.18,0.35
2017.02.28 01:31:52.121,0.18297,0.18331,0.04,0.37
2017.02.28 01:31:52.465,0.18295,0.18325,0.40,0.02
2017.02.28 01:31:52.771,0.18303,0.18333,0.27,0.40
2017.02.28 01:31:54.384,0.183,0.1833,0.37,0.02
2017.02.28 01:32:08.280,0.18303,0.18335,0.24,0.40
2017.02.28 01:32:24.472,0.18303,0.18335,0.21,0.38
2017.02.28 01:32:26.242,0.18302,0.18332,0.41,0.37
2017.02.28 01:32:29.962,0.18303,0.18333,0.18,0.43
2017.02.28 01:32:32.176,0.18302,0.18332,0.28,0.35
2017.02.28 01:34:20.976,0.18302,0.18334,0.35,0.45
2017.02.28 01:34:31.918,0.18297,0.18331,0.04,0.43
2017.02.28 01:34:32.448,0.18299,0.18329,0.14,0.39
2017.02.28 01:34:34.340,0.183,0.18334,0.04,0.39
2017.02.28 01:34:34.552,0.18303,0.18333,0.24,0.45
2017.02.28 01:34:40.828,0.18298,0.18332,0.04,0.47
2017.02.28 01:34:40.879,0.18303,0.18334,0.04,0.49
2017.02.28 01:35:21.695,0.18303,0.18335,0.04,0.35
2017.02.28 01:35:31.031,0.18302,0.18332,0.32,0.42
2017.02.28 01:35:34.636,0.18303,0.18333,0.18,0.35
2017.02.28 01:35:35.206,0.18302,0.18332,0.37,0.38
2017.02.28 01:35:41.745,0.18303,0.18333,0.15,0.43
2017.02.28 01:35:45.550,0.18302,0.18332,0.40,0.38
2017.02.28 01:35:49.632,0.18305,0.18339,0.04,0.42
2017.02.28 01:35:49.683,0.18306,0.18336,0.04,0.35
2017.02.28 01:35:49.759,0.18308,0.18338,0.25,0.42
2017.02.28 01:35:54.920,0.18308,0.1834,0.04,0.37
2017.02.28 01:35:56.273,0.18307,0.18337,0.30,0.33
2017.02.28 01:35:59.478,0.18308,0.18338,0.17,0.43
2017.02.28 01:36:00.198,0.18304,0.18334,0.03,0.38
2017.02.28 01:36:20.326,0.18307,0.18339,0.28,0.41
2017.02.28 01:36:21.357,0.18307,0.18337,0.04,0.45
2017.02.28 01:36:22.024,0.18302,0.18332,0.03,0.04
2017.02.28 01:36:24.375,0.18303,0.18333,0.03,0.40
2017.02.28 01:36:27.009,0.18307,0.18338,0.04,0.45
2017.02.28 01:36:27.701,0.18307,0.18338,0.04,0.45
2017.02.28 01:36:35.345,0.18307,0.18339,0.04,0.45
2017.02.28 01:36:44.448,0.18307,0.18337,0.04,0.39
2017.02.28 01:36:45.208,0.18306,0.18336,0.31,0.27
2017.02.28 01:37:01.184,0.18307,0.18337,0.04,0.37
2017.02.28 01:37:08.204,0.18306,0.18336,0.28,0.37
2017.02.28 01:37:09.909,0.18307,0.18337,0.04,0.34
2017.02.28 01:37:11.514,0.18306,0.18336,0.34,0.31
2017.02.28 01:37:12.066,0.18306,0.18338,0.34,0.34
2017.02.28 01:37:18.423,0.183,0.18334,0.04,0.45
2017.02.28 01:37:18.474,0.18301,0.18331,0.08,0.33
2017.02.28 01:37:19.431,0.18302,0.18332,0.27,0.36
2017.02.28 01:37:19.631,0.183,0.1833,0.41,0.30
2017.02.28 01:37:28.091,0.18301,0.18331,0.04,0.34
2017.02.28 01:37:57.513,0.183,0.1833,0.19,0.37
2017.02.28 01:38:13.061,0.18301,0.18331,0.20,0.40
2017.02.28 01:38:14.565,0.183,0.1833,0.07,0.29
2017.02.28 01:38:16.587,0.18301,0.18331,0.22,0.39
2017.02.28 01:38:28.241,0.183,0.1833,0.39,0.27
2017.02.28 01:38:41.464,0.18301,0.18331,0.20,0.34
2017.02.28 01:38:48.257,0.183,0.1833,0.43,0.40
2017.02.28 01:38:51.242,0.18301,0.18331,0.18,0.38
2017.02.28 01:39:00.558,0.183,0.1833,0.38,0.33
2017.02.28 01:39:21.492,0.183,0.18333,0.29,0.39
2017.02.28 01:39:30.879,0.18301,0.18334,0.02,0.43
2017.02.28 01:39:40.555,0.18301,0.18331,0.13,0.31
2017.02.28 01:39:53.477,0.183,0.1833,0.07,0.35
2017.02.28 01:40:07.441,0.18301,0.18335,0.04,0.37
2017.02.28 01:40:42.164,0.18301,0.18334,0.02,0.34
2017.02.28 01:40:53.141,0.18301,0.18335,0.04,0.34
2017.02.28 01:41:00.140,0.183,0.18334,0.30,0.30
2017.02.28 01:41:54.615,0.18301,0.18335,0.04,0.45
2017.02.28 01:41:57.401,0.18305,0.18335,0.20,0.41
2017.02.28 01:41:57.958,0.18303,0.18333,0.41,0.05
2017.02.28 01:41:58.171,0.18302,0.18332,0.07,0.33
2017.02.28 01:42:04.021,0.18303,0.18333,0.18,0.41
2017.02.28 01:42:05.059,0.18303,0.18337,0.21,0.43
2017.02.28 01:42:05.180,0.18305,0.18337,0.04,0.40
2017.02.28 01:42:05.490,0.18303,0.18333,0.32,0.36
2017.02.28 01:42:18.227,0.18302,0.18332,0.19,0.37
2017.02.28 01:42:19.050,0.18303,0.18333,0.04,0.31
2017.02.28 01:42:20.514,0.18303,0.18333,0.04,0.39
2017.02.28 01:42:21.160,0.18303,0.18335,0.04,0.44
2017.02.28 01:42:21.703,0.18301,0.18331,0.28,0.43
2017.02.28 01:42:22.218,0.18296,0.18326,0.08,0.31
2017.02.28 01:42:24.150,0.183,0.18333,0.04,0.41
2017.02.28 01:42:46.640,0.183,0.18334,0.39,0.42
2017.02.28 01:42:54.088,0.18301,0.18335,0.04,0.42
2017.02.28 01:42:54.750,0.18301,0.18335,0.39,0.45
2017.02.28 01:43:02.432,0.183,0.1833,0.32,0.30
2017.02.28 01:43:03.042,0.18301,0.18331,0.37,0.32
2017.02.28 01:43:03.672,0.183,0.1833,0.31,0.37
2017.02.28 01:43:04.213,0.18301,0.18331,0.24,0.38
2017.02.28 01:43:05.023,0.183,0.1833,0.34,0.41
2017.02.28 01:44:20.462,0.18301,0.18331,0.17,0.31
2017.02.28 01:44:21.255,0.183,0.1833,0.27,0.39
2017.02.28 01:44:35.091,0.18301,0.18331,0.21,0.40
2017.02.28 01:44:57.358,0.183,0.1833,0.39,0.39
2017.02.28 01:44:59.556,0.18301,0.18331,0.25,0.33
2017.02.28 01:45:01.437,0.183,0.1833,0.23,0.31
2017.02.28 01:45:14.463,0.18301,0.18331,0.16,0.36
2017.02.28 01:45:16.274,0.18302,0.18332,0.37,0.45
2017.02.28 01:45:16.924,0.18301,0.18331,0.15,0.34
2017.02.28 01:45:19.771,0.18302,0.18332,0.34,0.35
2017.02.28 01:45:20.472,0.18301,0.18331,0.34,0.39
2017.02.28 01:45:20.975,0.183,0.1833,0.30,0.40
2017.02.28 01:45:26.886,0.18301,0.18331,0.13,0.32
2017.02.28 01:45:28.212,0.18302,0.18332,0.10,0.35
2017.02.28 01:45:29.725,0.18301,0.18331,0.13,0.37
2017.02.28 01:45:30.231,0.183,0.1833,0.30,0.34
2017.02.28 01:45:30.295,0.18302,0.18332,0.13,0.39
2017.02.28 01:45:32.392,0.18304,0.18338,0.04,0.37
2017.02.28 01:45:32.555,0.18305,0.18335,0.04,0.33
2017.02.28 01:46:06.709,0.18301,0.18331,0.32,0.02
2017.02.28 01:46:07.211,0.18301,0.18334,0.23,0.41
2017.02.28 01:46:07.997,0.18302,0.18332,0.26,0.28
2017.02.28 01:46:08.572,0.18301,0.18331,0.30,0.32
2017.02.28 01:46:09.213,0.18302,0.18332,0.19,0.30
2017.02.28 01:46:09.999,0.18301,0.18331,0.33,0.36
2017.02.28 01:46:10.506,0.18302,0.18332,0.33,0.40
2017.02.28 01:46:10.964,0.18304,0.18338,0.04,0.44
2017.02.28 01:46:11.108,0.18306,0.18336,0.02,0.28
2017.02.28 01:46:15.926,0.18306,0.18336,0.08,0.43
2017.02.28 01:46:20.433,0.18305,0.18335,0.31,0.37
2017.02.28 01:46:55.769,0.18306,0.1834,0.04,0.41
2017.02.28 01:46:56.519,0.18306,0.18336,0.18,0.40
2017.02.28 01:47:03.785,0.18307,0.18341,0.04,0.45
2017.02.28 01:47:19.568,0.18305,0.18335,0.26,0.36
2017.02.28 01:47:20.340,0.18306,0.18336,0.19,0.30
2017.02.28 01:48:02.035,0.18305,0.18335,0.39,0.36
2017.02.28 01:48:51.097,0.18305,0.18339,0.41,0.31
2017.02.28 01:49:16.258,0.18305,0.18335,0.22,0.35
2017.02.28 01:49:46.280,0.18305,0.18339,0.31,0.35
2017.02.28 01:49:46.835,0.18306,0.1834,0.04,0.37
2017.02.28 01:49:49.527,0.18305,0.18339,0.31,0.35
2017.02.28 01:50:59.636,0.18302,0.18332,0.30,0.28
2017.02.28 01:51:00.204,0.18302,0.18332,0.04,0.29
2017.02.28 01:51:05.437,0.18302,0.18332,0.35,0.40
2017.02.28 01:51:05.684,0.18304,0.18338,0.04,0.43
2017.02.28 01:51:05.735,0.18305,0.18335,0.02,0.32
2017.02.28 01:51:06.273,0.18305,0.18335,0.15,0.42
2017.02.28 01:51:07.442,0.18305,0.18337,0.15,0.45
2017.02.28 01:51:08.254,0.18304,0.18334,0.37,0.39
2017.02.28 01:51:10.186,0.18305,0.18335,0.04,0.41
2017.02.28 01:51:13.747,0.18304,0.18334,0.34,0.37
2017.02.28 01:51:18.981,0.18304,0.18338,0.37,0.41
2017.02.28 01:51:19.809,0.18305,0.18335,0.04,0.36
2017.02.28 01:51:25.947,0.18305,0.18339,0.38,0.34
2017.02.28 01:51:42.369,0.18305,0.18338,0.33,0.37
2017.02.28 01:52:01.958,0.18305,0.18339,0.08,0.42
2017.02.28 01:52:02.008,0.18309,0.18343,0.04,0.44
2017.02.28 01:52:02.168,0.18308,0.18338,0.09,0.35
2017.02.28 01:52:02.218,0.18308,0.18342,0.13,0.37
2017.02.28 01:52:02.430,0.1831,0.1834,0.10,0.39
2017.02.28 01:52:02.966,0.18307,0.18337,0.20,0.32
2017.02.28 01:52:03.188,0.18309,0.18343,0.04,0.39
2017.02.28 01:52:03.339,0.18311,0.18341,0.04,0.33
2017.02.28 01:52:06.611,0.18306,0.18336,0.03,0.30
2017.02.28 01:52:07.144,0.18307,0.18337,0.28,0.26
2017.02.28 01:52:07.961,0.18306,0.18336,0.26,0.36
2017.02.28 01:52:10.444,0.18307,0.18337,0.29,0.33
2017.02.28 01:52:14.604,0.18309,0.18343,0.04,0.39
2017.02.28 01:52:14.766,0.1831,0.1834,0.28,0.35
2017.02.28 01:52:15.931,0.1831,0.18344,0.31,0.40
2017.02.28 01:52:17.155,0.1831,0.18341,0.28,0.39
2017.02.28 01:52:17.393,0.1831,0.18344,0.04,0.39
2017.02.28 01:52:17.496,0.18305,0.18335,0.40,0.12
2017.02.28 01:52:18.044,0.1831,0.1834,0.30,0.33
2017.02.28 01:52:43.388,0.1831,0.18341,0.36,0.34
2017.02.28 01:52:43.623,0.18303,0.18333,0.39,0.11
2017.02.28 01:52:44.328,0.18308,0.18338,0.30,0.35
2017.02.28 01:52:48.137,0.18308,0.18339,0.30,0.39
2017.02.28 01:52:48.949,0.18306,0.18336,0.35,0.32
2017.02.28 01:52:54.838,0.18308,0.18338,0.33,0.37
2017.02.28 01:52:55.552,0.18306,0.18336,0.28,0.34
2017.02.28 01:53:06.054,0.18307,0.18337,0.14,0.41
2017.02.28 01:53:06.211,0.18308,0.18338,0.04,0.03
2017.02.28 01:53:08.966,0.18305,0.18336,0.38,0.27
2017.02.28 01:53:09.749,0.18311,0.18341,0.04,0.47
2017.02.28 01:53:11.064,0.18308,0.18338,0.34,0.33
2017.02.28 01:53:11.165,0.18311,0.18341,0.04,0.37
2017.02.28 01:53:15.021,0.18309,0.18339,0.36,0.33
2017.02.28 01:53:15.071,0.1831,0.1834,0.04,0.38
2017.02.28 01:53:15.407,0.18305,0.18339,0.04,0.38
2017.02.28 01:53:15.923,0.18305,0.18335,0.41,0.02
2017.02.28 01:53:16.954,0.18307,0.1834,0.38,0.37
2017.02.28 01:53:17.303,0.1831,0.1834,0.32,0.45
2017.02.28 01:53:18.001,0.1831,0.1834,0.32,0.45
2017.02.28 01:53:26.464,0.18305,0.18339,0.04,0.42
2017.02.28 01:53:26.689,0.18306,0.18336,0.28,0.42
2017.02.28 01:53:29.263,0.18307,0.18338,0.04,0.46
2017.02.28 01:53:36.496,0.18307,0.18338,0.37,0.39
2017.02.28 01:53:36.547,0.18307,0.1834,0.37,0.39
2017.02.28 01:53:37.145,0.18311,0.18341,0.15,0.36
2017.02.28 01:53:38.051,0.18304,0.18336,0.04,0.03
2017.02.28 01:53:38.109,0.18304,0.18334,0.42,0.31
2017.02.28 01:53:38.310,0.1831,0.1834,0.04,0.36
2017.02.28 01:53:39.127,0.18309,0.18339,0.34,0.30
2017.02.28 01:53:41.317,0.18304,0.18334,0.39,0.11
2017.02.28 01:53:43.254,0.18309,0.18339,0.34,0.31
2017.02.28 01:53:45.283,0.18309,0.1834,0.34,0.31
2017.02.28 01:53:45.636,0.18312,0.18342,0.40,0.40
2017.02.28 01:53:46.166,0.18306,0.18338,0.04,0.30
2017.02.28 01:53:46.722,0.18311,0.18341,0.12,0.42
2017.02.28 01:53:55.684,0.18307,0.18337,0.03,0.38
2017.02.28 01:53:56.281,0.18312,0.18342,0.16,0.30
2017.02.28 01:54:01.725,0.18308,0.18338,0.03,0.21
2017.02.28 01:54:34.276,0.18305,0.18339,0.42,0.41
2017.02.28 01:54:34.590,0.18309,0.18339,0.08,0.37
2017.02.28 01:54:35.601,0.18309,0.18342,0.14,0.31
2017.02.28 01:54:36.632,0.18308,0.18338,0.35,0.09
2017.02.28 01:54:58.667,0.18312,0.18342,0.04,0.38
2017.02.28 01:55:46.868,0.1831,0.1834,0.31,0.38
2017.02.28 01:55:47.437,0.18312,0.18342,0.21,0.37
2017.02.28 01:56:09.579,0.18313,0.18343,0.25,0.38
2017.02.28 01:56:22.960,0.18312,0.18344,0.04,0.33
2017.02.28 01:56:49.327,0.18318,0.18348,0.17,0.47
2017.02.28 01:56:50.754,0.18312,0.18342,0.25,0.36
2017.02.28 01:57:53.211,0.18312,0.18345,0.33,0.37
2017.02.28 01:58:00.477,0.18313,0.18343,0.09,0.30
2017.02.28 01:58:49.553,0.18312,0.18342,0.46,0.36
2017.02.28 01:59:01.873,0.18313,0.18343,0.34,0.39
2017.02.28 01:59:02.771,0.18312,0.18342,0.33,0.38
2017.02.28 01:59:20.535,0.18313,0.18343,0.10,0.35
2017.02.28 01:59:35.638,0.18313,0.18344,0.10,0.35
2017.02.28 01:59:44.699,0.18312,0.18343,0.33,0.42
