2016.06.17 09:00:00.159,0.17375,0.17405,0.03,0.04
2016.06.17 09:00:03.469,0.17377,0.17407,0.02,0.04
2016.06.17 09:00:04.473,0.17379,0.17409,0.02,0.25
2016.06.17 09:00:04.975,0.17378,0.17408,0.02,0.28
2016.06.17 09:00:05.622,0.17378,0.17408,0.23,0.02
2016.06.17 09:00:12.020,0.17377,0.17407,0.23,0.20
2016.06.17 09:00:12.120,0.1738,0.1741,0.08,0.21
2016.06.17 09:00:12.627,0.1738,0.1741,0.18,0.24
2016.06.17 09:00:13.672,0.17377,0.17407,0.01,0.02
2016.06.17 09:00:13.838,0.17377,0.17407,0.22,0.10
2016.06.17 09:00:14.864,0.17378,0.17408,0.20,0.02
2016.06.17 09:00:15.111,0.17375,0.17405,0.03,0.04
2016.06.17 09:00:19.006,0.17379,0.17409,0.18,0.30
2016.06.17 09:00:22.612,0.17377,0.17407,0.04,0.08
2016.06.17 09:00:23.156,0.17378,0.17408,0.22,0.02
2016.06.17 09:01:00.141,0.17379,0.17409,0.15,0.25
2016.06.17 09:01:01.033,0.17379,0.17409,0.08,0.19
2016.06.17 09:01:01.735,0.1738,0.1741,0.21,0.25
2016.06.17 09:01:06.908,0.17379,0.17409,0.05,0.20
2016.06.17 09:01:07.994,0.17375,0.17405,0.03,0.04
2016.06.17 09:02:08.078,0.17378,0.17408,0.27,0.07
2016.06.17 09:02:13.396,0.17378,0.17408,0.16,0.22
2016.06.17 09:02:14.066,0.17375,0.17405,0.19,0.08
2016.06.17 09:02:16.354,0.17378,0.17408,0.23,0.21
2016.06.17 09:03:58.749,0.17375,0.17405,0.17,0.08
2016.06.17 09:04:13.751,0.17378,0.17408,0.15,0.22
2016.06.17 09:04:38.325,0.17379,0.17409,0.12,0.19
2016.06.17 09:04:44.262,0.1738,0.1741,0.02,0.25
2016.06.17 09:04:44.363,0.17383,0.17413,0.02,0.29
2016.06.17 09:04:44.873,0.1738,0.1741,0.25,0.24
2016.06.17 09:04:46.031,0.17381,0.17412,0.18,0.22
2016.06.17 09:04:47.351,0.17381,0.17411,0.02,0.25
2016.06.17 09:04:47.873,0.17383,0.17413,0.01,0.25
2016.06.17 09:04:52.340,0.17384,0.17414,0.20,0.27
2016.06.17 09:04:52.897,0.17385,0.17415,0.02,0.23
2016.06.17 09:04:53.841,0.17382,0.17412,0.30,0.20
2016.06.17 09:04:55.416,0.17381,0.17411,0.02,0.04
2016.06.17 09:04:56.810,0.17387,0.17418,0.01,0.21
2016.06.17 09:04:56.861,0.17387,0.17418,0.01,0.17
2016.06.17 09:04:57.211,0.17388,0.17418,0.14,0.16
2016.06.17 09:04:57.589,0.17384,0.17415,0.12,0.12
2016.06.17 09:04:57.690,0.17386,0.17416,0.23,0.21
2016.06.17 09:04:58.200,0.17387,0.17417,0.23,0.22
2016.06.17 09:04:58.270,0.17383,0.17414,0.04,0.04
2016.06.17 09:04:58.390,0.17385,0.17415,0.12,0.25
2016.06.17 09:05:00.474,0.17387,0.17417,0.17,0.23
2016.06.17 09:05:01.529,0.17385,0.17415,0.23,0.15
2016.06.17 09:05:04.433,0.17386,0.17416,0.05,0.23
2016.06.17 09:05:05.154,0.17385,0.17415,0.23,0.23
2016.06.17 09:05:09.853,0.17384,0.17414,0.02,0.02
2016.06.17 09:05:12.935,0.17383,0.17413,0.09,0.02
2016.06.17 09:05:21.945,0.17381,0.17411,0.02,0.04
2016.06.17 09:05:25.048,0.17383,0.17413,0.27,0.02
2016.06.17 09:05:28.773,0.17387,0.17418,0.02,0.27
2016.06.17 09:05:29.214,0.17386,0.17416,0.02,0.21
2016.06.17 09:05:29.476,0.17388,0.17418,0.06,0.28
2016.06.17 09:05:31.315,0.17385,0.17415,0.25,0.19
2016.06.17 09:05:32.638,0.17383,0.17413,0.26,0.02
2016.06.17 09:05:36.972,0.17381,0.17411,0.02,0.04
2016.06.17 09:05:37.023,0.17381,0.17411,0.02,0.04
2016.06.17 09:05:48.636,0.17382,0.17412,0.16,0.18
2016.06.17 09:05:50.056,0.17383,0.17413,0.20,0.23
2016.06.17 09:05:53.750,0.17384,0.17414,0.12,0.22
2016.06.17 09:05:59.178,0.17381,0.17411,0.09,0.21
2016.06.17 09:06:12.500,0.17376,0.17406,0.26,0.02
2016.06.17 09:06:13.100,0.17377,0.17407,0.24,0.10
2016.06.17 09:06:15.695,0.17375,0.17405,0.05,0.04
2016.06.17 09:06:50.121,0.17376,0.17406,0.08,0.16
2016.06.17 09:06:53.291,0.17373,0.17403,0.15,0.02
2016.06.17 09:06:53.442,0.17373,0.17404,0.21,0.22
2016.06.17 09:06:54.045,0.17373,0.17403,0.08,0.21
2016.06.17 09:06:56.348,0.17371,0.17401,0.02,0.04
2016.06.17 09:06:57.749,0.17373,0.17403,0.26,0.22
2016.06.17 09:07:02.054,0.17369,0.17399,0.31,0.02
2016.06.17 09:07:05.158,0.17371,0.17401,0.02,0.25
2016.06.17 09:07:06.266,0.1737,0.174,0.22,0.07
2016.06.17 09:07:06.889,0.17369,0.17399,0.18,0.29
2016.06.17 09:07:07.060,0.17365,0.17395,0.03,0.04
2016.06.17 09:07:11.395,0.17368,0.17398,0.02,0.28
2016.06.17 09:08:02.364,0.17366,0.17396,0.08,0.24
2016.06.17 09:08:07.444,0.17368,0.17398,0.03,0.24
2016.06.17 09:08:08.093,0.17369,0.17399,0.18,0.20
2016.06.17 09:08:53.664,0.17369,0.17399,0.02,0.16
2016.06.17 09:09:13.908,0.17369,0.17399,0.07,0.20
2016.06.17 09:09:33.845,0.17366,0.17396,0.28,0.11
2016.06.17 09:09:47.100,0.17369,0.17399,0.15,0.17
2016.06.17 09:10:07.231,0.17366,0.17396,0.23,0.07
2016.06.17 09:10:07.995,0.17369,0.17399,0.18,0.17
2016.06.17 09:10:10.156,0.17366,0.17396,0.24,0.11
2016.06.17 09:10:10.766,0.17369,0.17399,0.22,0.21
2016.06.17 09:10:13.748,0.17366,0.17396,0.26,0.10
2016.06.17 09:10:49.156,0.17369,0.17399,0.25,0.20
2016.06.17 09:11:02.493,0.17366,0.17396,0.23,0.21
2016.06.17 09:11:07.903,0.17369,0.17399,0.11,0.18
2016.06.17 09:11:13.719,0.17369,0.17399,0.02,0.15
2016.06.17 09:11:29.255,0.17368,0.17402,0.04,0.02
2016.06.17 09:11:32.782,0.17373,0.17403,0.04,0.06
2016.06.17 09:11:35.664,0.17371,0.17401,0.02,0.04
2016.06.17 09:11:46.732,0.17371,0.17401,0.06,0.04
2016.06.17 09:11:46.788,0.17373,0.17403,0.04,0.06
2016.06.17 09:12:21.361,0.17373,0.17406,0.04,0.04
2016.06.17 09:12:21.463,0.17373,0.17403,0.07,0.02
2016.06.17 09:12:21.513,0.17378,0.17408,0.04,0.06
2016.06.17 09:12:21.715,0.17376,0.17406,0.04,0.02
2016.06.17 09:12:21.816,0.17378,0.17408,0.04,0.06
2016.06.17 09:12:22.357,0.17376,0.17406,0.04,0.02
2016.06.17 09:12:23.518,0.17373,0.17404,0.06,0.02
2016.06.17 09:12:30.070,0.17373,0.17403,0.05,0.04
2016.06.17 09:12:31.032,0.17373,0.17407,0.06,0.06
2016.06.17 09:12:31.426,0.17375,0.17405,0.03,0.04
2016.06.17 09:12:46.047,0.17373,0.17403,0.03,0.02
2016.06.17 09:12:46.800,0.17378,0.17408,0.04,0.05
2016.06.17 09:12:49.187,0.17375,0.17405,0.03,0.04
2016.06.17 09:12:58.365,0.17373,0.17403,0.07,0.02
2016.06.17 09:12:58.523,0.17373,0.17403,0.06,0.02
2016.06.17 09:13:07.658,0.17371,0.17401,0.02,0.04
2016.06.17 09:13:07.992,0.17376,0.17406,0.04,0.04
2016.06.17 09:13:08.372,0.17373,0.17404,0.04,0.04
2016.06.17 09:13:09.061,0.17373,0.17403,0.02,0.05
2016.06.17 09:13:11.420,0.17369,0.17399,0.03,0.02
2016.06.17 09:13:11.726,0.17369,0.17399,0.04,0.02
2016.06.17 09:13:14.375,0.17372,0.17402,0.04,0.01
2016.06.17 09:13:15.168,0.17371,0.17401,0.02,0.04
2016.06.17 09:13:52.324,0.17369,0.17399,0.05,0.02
2016.06.17 09:13:52.475,0.17371,0.17401,0.04,0.04
2016.06.17 09:13:56.229,0.17364,0.17394,0.03,0.02
2016.06.17 09:13:56.576,0.17368,0.17398,0.06,0.04
2016.06.17 09:14:02.259,0.17363,0.17393,0.07,0.02
2016.06.17 09:14:05.043,0.17365,0.17395,0.03,0.04
2016.06.17 09:14:09.776,0.17365,0.17396,0.01,0.02
2016.06.17 09:14:10.123,0.17366,0.17396,0.04,0.02
2016.06.17 09:14:16.454,0.17365,0.17395,0.02,0.04
2016.06.17 09:14:19.557,0.17363,0.17393,0.06,0.02
2016.06.17 09:14:30.675,0.17366,0.17397,0.04,0.06
2016.06.17 09:14:31.252,0.17368,0.17398,0.04,0.06
2016.06.17 09:14:40.405,0.17363,0.17393,0.04,0.02
2016.06.17 09:14:40.515,0.17363,0.17394,0.04,0.02
2016.06.17 09:14:43.488,0.17361,0.17391,0.02,0.04
2016.06.17 09:14:50.144,0.17363,0.17393,0.04,0.05
2016.06.17 09:15:43.745,0.17363,0.17393,0.04,0.01
2016.06.17 09:15:54.627,0.17363,0.17395,0.06,0.02
2016.06.17 09:15:55.385,0.17366,0.17396,0.04,0.02
2016.06.17 09:15:56.500,0.17366,0.17397,0.04,0.06
2016.06.17 09:15:57.027,0.17368,0.17398,0.04,0.06
2016.06.17 09:15:57.680,0.17365,0.17395,0.03,0.04
2016.06.17 09:15:58.330,0.17366,0.17396,0.04,0.04
2016.06.17 09:15:58.901,0.17366,0.17396,0.04,0.04
2016.06.17 09:15:59.982,0.17361,0.17391,0.02,0.04
2016.06.17 09:16:03.100,0.17363,0.17393,0.06,0.02
2016.06.17 09:16:04.307,0.17366,0.17397,0.04,0.06
2016.06.17 09:16:04.849,0.17368,0.17398,0.04,0.06
2016.06.17 09:16:06.189,0.17365,0.17395,0.03,0.04
2016.06.17 09:16:16.221,0.17363,0.17393,0.06,0.02
2016.06.17 09:16:16.846,0.17368,0.17398,0.04,0.06
2016.06.17 09:16:19.303,0.17365,0.17395,0.03,0.04
2016.06.17 09:16:37.122,0.17367,0.17397,0.04,0.01
2016.06.17 09:16:52.425,0.17366,0.17397,0.04,0.02
2016.06.17 09:16:59.969,0.17368,0.17398,0.04,0.03
2016.06.17 09:17:01.392,0.17366,0.17397,0.04,0.02
2016.06.17 09:17:09.078,0.17368,0.17398,0.04,0.03
2016.06.17 09:17:13.167,0.17366,0.17397,0.04,0.02
2016.06.17 09:17:13.262,0.17368,0.17398,0.04,0.03
2016.06.17 09:17:14.369,0.17366,0.17397,0.04,0.02
2016.06.17 09:17:18.324,0.17365,0.17397,0.04,0.02
2016.06.17 09:17:19.101,0.17366,0.17396,0.02,0.02
2016.06.17 09:17:21.469,0.17366,0.17397,0.02,0.02
2016.06.17 09:18:12.443,0.17364,0.17397,0.02,0.02
2016.06.17 09:18:15.634,0.17366,0.17397,0.04,0.02
2016.06.17 09:18:32.845,0.17363,0.17393,0.06,0.02
2016.06.17 09:18:35.922,0.17363,0.17395,0.06,0.02
2016.06.17 09:18:36.228,0.17366,0.17396,0.04,0.04
2016.06.17 09:18:38.750,0.17364,0.17394,0.02,0.02
2016.06.17 09:18:38.861,0.17366,0.17397,0.04,0.02
2016.06.17 09:18:38.980,0.17366,0.17396,0.04,0.04
2016.06.17 09:18:41.853,0.17363,0.17393,0.06,0.02
2016.06.17 09:18:44.136,0.17366,0.17398,0.04,0.06
2016.06.17 09:18:44.957,0.17365,0.17395,0.03,0.04
2016.06.17 09:19:03.260,0.17366,0.17396,0.04,0.02
2016.06.17 09:19:12.423,0.17363,0.17394,0.02,0.04
2016.06.17 09:19:12.474,0.17363,0.17394,0.06,0.04
2016.06.17 09:19:12.808,0.17366,0.17396,0.04,0.04
2016.06.17 09:19:15.495,0.17363,0.17393,0.06,0.02
2016.06.17 09:19:16.608,0.17368,0.17398,0.25,0.25
2016.06.17 09:19:21.639,0.17368,0.17398,0.28,0.25
2016.06.17 09:19:23.097,0.17368,0.17398,0.18,0.22
2016.06.17 09:19:23.468,0.17371,0.17401,0.04,0.26
2016.06.17 09:19:24.084,0.17366,0.17398,0.28,0.18
2016.06.17 09:19:26.020,0.17369,0.17399,0.06,0.27
2016.06.17 09:19:31.726,0.17371,0.17401,0.04,0.27
2016.06.17 09:19:31.826,0.17369,0.17399,0.23,0.02
2016.06.17 09:19:31.877,0.17373,0.17403,0.15,0.25
2016.06.17 09:19:33.750,0.17372,0.17402,0.07,0.28
2016.06.17 09:19:34.359,0.17369,0.17399,0.27,0.02
2016.06.17 09:19:34.979,0.17368,0.17399,0.27,0.02
2016.06.17 09:19:35.744,0.17368,0.17398,0.32,0.02
2016.06.17 09:19:51.258,0.17375,0.17405,0.02,0.19
2016.06.17 09:19:53.678,0.17374,0.17404,0.18,0.21
2016.06.17 09:20:01.611,0.17375,0.17405,0.02,0.25
2016.06.17 09:20:08.755,0.17373,0.17403,0.04,0.08
2016.06.17 09:20:08.963,0.17373,0.17403,0.25,0.02
2016.06.17 09:20:09.922,0.17377,0.17407,0.13,0.24
2016.06.17 09:20:10.666,0.17375,0.17407,0.23,0.21
2016.06.17 09:20:12.052,0.17378,0.17408,0.23,0.24
2016.06.17 09:20:16.530,0.17379,0.17409,0.15,0.28
2016.06.17 09:20:28.150,0.17376,0.17406,0.24,0.13
2016.06.17 09:20:28.892,0.17376,0.17406,0.04,0.22
2016.06.17 09:20:28.993,0.1738,0.1741,0.13,0.28
2016.06.17 09:20:29.551,0.17379,0.17409,0.24,0.26
2016.06.17 09:20:30.398,0.17378,0.17408,0.24,0.25
2016.06.17 09:20:31.059,0.17378,0.17408,0.27,0.01
2016.06.17 09:20:31.720,0.17375,0.17405,0.02,0.04
2016.06.17 09:20:39.067,0.1738,0.1741,0.02,0.25
2016.06.17 09:20:54.217,0.17379,0.17409,0.19,0.26
2016.06.17 09:21:05.947,0.1738,0.1741,0.23,0.25
2016.06.17 09:21:24.074,0.17373,0.17403,0.29,0.02
2016.06.17 09:21:24.125,0.17378,0.17408,0.04,0.27
2016.06.17 09:21:31.459,0.17371,0.17401,0.02,0.04
2016.06.17 09:21:34.548,0.17377,0.17407,0.02,0.03
2016.06.17 09:21:38.137,0.17379,0.17409,0.23,0.31
2016.06.17 09:21:38.971,0.17376,0.17406,0.23,0.12
2016.06.17 09:21:39.631,0.17378,0.17408,0.04,0.26
2016.06.17 09:21:44.801,0.17379,0.17409,0.21,0.02
2016.06.17 09:21:44.902,0.17383,0.17413,0.18,0.28
2016.06.17 09:21:45.644,0.17382,0.17412,0.17,0.22
2016.06.17 09:21:46.366,0.17381,0.17411,0.04,0.20
2016.06.17 09:21:47.197,0.17379,0.1741,0.21,0.02
2016.06.17 09:21:47.862,0.17381,0.17411,0.02,0.04
2016.06.17 09:22:00.488,0.17379,0.17409,0.03,0.02
2016.06.17 09:22:01.983,0.17384,0.17414,0.21,0.20
2016.06.17 09:22:03.478,0.17378,0.17408,0.31,0.02
2016.06.17 09:22:09.767,0.17385,0.17415,0.02,0.19
2016.06.17 09:22:11.972,0.17383,0.17413,0.02,0.23
2016.06.17 09:22:47.670,0.17383,0.17414,0.19,0.32
2016.06.17 09:22:47.776,0.17382,0.17412,0.02,0.23
2016.06.17 09:22:50.833,0.17381,0.17411,0.02,0.04
2016.06.17 09:22:58.710,0.1738,0.1741,0.03,0.10
2016.06.17 09:23:04.608,0.17383,0.17413,0.19,0.24
2016.06.17 09:23:51.142,0.17382,0.17413,0.20,0.16
2016.06.17 09:24:04.678,0.17384,0.17414,0.02,0.24
2016.06.17 09:24:09.287,0.17384,0.17415,0.02,0.26
2016.06.17 09:24:09.505,0.17387,0.17417,0.02,0.27
2016.06.17 09:24:12.496,0.17388,0.17418,0.08,0.22
2016.06.17 09:24:13.170,0.17387,0.17417,0.17,0.24
2016.06.17 09:24:21.547,0.17388,0.17418,0.02,0.23
2016.06.17 09:24:27.157,0.17389,0.17419,0.17,0.21
2016.06.17 09:24:27.214,0.17387,0.17417,0.15,0.22
2016.06.17 09:24:27.723,0.17388,0.17418,0.02,0.24
2016.06.17 09:24:29.115,0.17388,0.17418,0.04,0.20
2016.06.17 09:24:29.217,0.17391,0.17421,0.02,0.22
2016.06.17 09:24:29.819,0.1739,0.1742,0.21,0.25
2016.06.17 09:24:32.589,0.17385,0.17415,0.05,0.04
2016.06.17 09:24:32.740,0.17388,0.17418,0.20,0.24
2016.06.17 09:24:53.806,0.17389,0.17419,0.13,0.29
2016.06.17 09:24:58.024,0.17388,0.17418,0.16,0.24
2016.06.17 09:24:58.533,0.17387,0.17417,0.21,0.22
2016.06.17 09:24:59.826,0.17388,0.17418,0.15,0.25
2016.06.17 09:25:00.419,0.17387,0.17417,0.20,0.26
2016.06.17 09:25:01.673,0.17388,0.17418,0.02,0.23
2016.06.17 09:25:02.328,0.17387,0.17417,0.17,0.26
2016.06.17 09:25:33.084,0.17387,0.17417,0.02,0.20
2016.06.17 09:25:33.794,0.17388,0.17418,0.02,0.22
2016.06.17 09:25:40.163,0.17388,0.17418,0.02,0.19
2016.06.17 09:25:43.681,0.17385,0.17415,0.22,0.16
2016.06.17 09:25:53.703,0.17387,0.17418,0.02,0.25
2016.06.17 09:26:13.801,0.17388,0.17418,0.02,0.18
2016.06.17 09:26:33.736,0.17387,0.17418,0.02,0.18
2016.06.17 09:26:53.897,0.17385,0.17415,0.20,0.04
2016.06.17 09:27:13.751,0.17388,0.17418,0.07,0.16
2016.06.17 09:27:23.529,0.17386,0.17416,0.25,0.21
2016.06.17 09:27:23.630,0.17381,0.17411,0.25,0.13
2016.06.17 09:27:23.781,0.17381,0.17411,0.02,0.17
2016.06.17 09:27:24.376,0.17386,0.17416,0.10,0.29
2016.06.17 09:27:24.577,0.17384,0.17414,0.19,0.23
2016.06.17 09:27:26.742,0.17381,0.17411,0.06,0.07
2016.06.17 09:28:15.820,0.17381,0.17411,0.16,0.06
2016.06.17 09:28:24.004,0.17381,0.17411,0.14,0.06
2016.06.17 09:29:33.742,0.17383,0.17413,0.02,0.19
2016.06.17 09:29:49.681,0.17382,0.17412,0.14,0.22
2016.06.17 09:30:00.187,0.17379,0.17409,0.20,0.17
2016.06.17 09:30:00.784,0.17378,0.17408,0.20,0.21
2016.06.17 09:30:07.105,0.17381,0.17411,0.02,0.22
2016.06.17 09:30:10.045,0.17382,0.17412,0.20,0.26
2016.06.17 09:30:10.790,0.17381,0.17411,0.02,0.25
2016.06.17 09:30:11.913,0.17383,0.17413,0.02,0.23
2016.06.17 09:30:13.616,0.17382,0.17412,0.20,0.26
2016.06.17 09:30:16.776,0.17379,0.17409,0.23,0.02
2016.06.17 09:30:16.927,0.17378,0.17408,0.04,0.20
2016.06.17 09:30:17.712,0.17381,0.17411,0.05,0.25
2016.06.17 09:30:18.242,0.17379,0.17409,0.11,0.20
2016.06.17 09:30:18.750,0.17381,0.17411,0.07,0.22
2016.06.17 09:30:20.667,0.17378,0.17408,0.02,0.23
2016.06.17 09:30:21.029,0.17379,0.17409,0.08,0.23
2016.06.17 09:30:21.346,0.17381,0.17411,0.19,0.25
2016.06.17 09:30:21.647,0.17377,0.17407,0.01,0.15
2016.06.17 09:30:24.186,0.17379,0.17409,0.02,0.30
2016.06.17 09:30:27.647,0.17376,0.17406,0.05,0.13
2016.06.17 09:30:32.770,0.17375,0.17405,0.21,0.26
2016.06.17 09:30:33.493,0.17369,0.17399,0.18,0.02
2016.06.17 09:30:33.668,0.17366,0.17396,0.30,0.07
2016.06.17 09:30:33.719,0.17365,0.17395,0.03,0.04
2016.06.17 09:30:34.853,0.17369,0.17399,0.17,0.28
2016.06.17 09:30:38.305,0.17369,0.17399,0.17,0.24
2016.06.17 09:30:42.910,0.17365,0.17395,0.03,0.04
2016.06.17 09:30:47.297,0.17368,0.17402,0.04,0.24
2016.06.17 09:30:47.347,0.17369,0.17399,0.14,0.25
2016.06.17 09:30:47.448,0.17371,0.17401,0.15,0.22
2016.06.17 09:30:50.417,0.17371,0.17401,0.07,0.25
2016.06.17 09:30:53.622,0.17369,0.17399,0.18,0.19
2016.06.17 09:30:55.502,0.17371,0.17401,0.18,0.18
2016.06.17 09:30:56.162,0.1737,0.174,0.23,0.26
2016.06.17 09:30:59.720,0.1737,0.17402,0.23,0.30
2016.06.17 09:31:00.271,0.1737,0.174,0.20,0.17
2016.06.17 09:31:00.721,0.17371,0.17403,0.15,0.21
2016.06.17 09:31:01.729,0.17371,0.17401,0.19,0.25
2016.06.17 09:31:19.122,0.17371,0.17401,0.08,0.16
2016.06.17 09:31:21.584,0.1737,0.174,0.16,0.22
2016.06.17 09:31:21.634,0.1737,0.17401,0.17,0.22
2016.06.17 09:31:35.399,0.1737,0.17402,0.22,0.23
2016.06.17 09:31:36.025,0.17371,0.17401,0.02,0.18
2016.06.17 09:31:36.763,0.17371,0.17401,0.23,0.17
2016.06.17 09:31:50.633,0.17371,0.17401,0.23,0.17
2016.06.17 09:31:52.969,0.17372,0.17402,0.19,0.26
2016.06.17 09:31:54.407,0.1737,0.17401,0.20,0.23
2016.06.17 09:31:55.177,0.17369,0.17399,0.02,0.22
2016.06.17 09:31:57.883,0.1737,0.174,0.19,0.20
2016.06.17 09:31:58.675,0.17369,0.17399,0.22,0.19
2016.06.17 09:31:59.383,0.17368,0.17398,0.16,0.21
2016.06.17 09:32:10.114,0.17365,0.17395,0.03,0.04
2016.06.17 09:33:10.116,0.17368,0.17398,0.20,0.24
2016.06.17 09:33:13.728,0.17368,0.17398,0.11,0.18
2016.06.17 09:33:31.182,0.17371,0.17401,0.02,0.24
2016.06.17 09:33:49.028,0.17371,0.17402,0.08,0.25
2016.06.17 09:33:51.013,0.17371,0.17401,0.10,0.22
2016.06.17 09:34:16.703,0.17373,0.17403,0.19,0.26
2016.06.17 09:34:29.134,0.17374,0.17404,0.05,0.25
2016.06.17 09:34:33.737,0.17371,0.17401,0.24,0.05
2016.06.17 09:34:39.938,0.17373,0.17405,0.22,0.28
2016.06.17 09:34:40.089,0.17373,0.17403,0.19,0.05
2016.06.17 09:34:40.618,0.17371,0.17401,0.25,0.08
2016.06.17 09:34:41.182,0.17372,0.17402,0.21,0.16
2016.06.17 09:34:43.128,0.17371,0.17401,0.02,0.04
2016.06.17 09:34:51.664,0.17374,0.17404,0.20,0.21
2016.06.17 09:34:51.715,0.17376,0.17407,0.20,0.24
2016.06.17 09:34:54.489,0.17374,0.17404,0.18,0.13
2016.06.17 09:34:54.690,0.17372,0.17402,0.19,0.19
2016.06.17 09:34:54.791,0.17371,0.17401,0.02,0.04
2016.06.17 09:34:57.391,0.17376,0.17406,0.21,0.23
2016.06.17 09:34:57.924,0.17373,0.17403,0.23,0.04
2016.06.17 09:34:59.682,0.17371,0.17401,0.23,0.05
2016.06.17 09:35:00.706,0.17372,0.17402,0.23,0.19
2016.06.17 09:35:01.037,0.17371,0.17401,0.02,0.11
2016.06.17 09:35:18.170,0.17377,0.17407,0.02,0.25
2016.06.17 09:35:21.102,0.17375,0.17405,0.02,0.22
2016.06.17 09:35:26.602,0.17378,0.17408,0.02,0.27
2016.06.17 09:35:30.711,0.17375,0.17405,0.03,0.23
2016.06.17 09:35:39.557,0.17373,0.17403,0.21,0.02
2016.06.17 09:35:40.217,0.17378,0.17408,0.02,0.27
2016.06.17 09:35:41.114,0.17379,0.17409,0.23,0.22
2016.06.17 09:35:42.277,0.17378,0.17408,0.19,0.22
2016.06.17 09:35:42.937,0.17375,0.17405,0.03,0.04
2016.06.17 09:35:43.728,0.17379,0.17409,0.17,0.25
2016.06.17 09:35:50.307,0.17375,0.17405,0.03,0.11
2016.06.17 09:35:53.675,0.17378,0.17408,0.07,0.23
2016.06.17 09:36:26.379,0.17377,0.17407,0.18,0.24
2016.06.17 09:36:27.279,0.17378,0.17408,0.02,0.24
2016.06.17 09:36:42.393,0.17378,0.17408,0.25,0.19
2016.06.17 09:36:50.032,0.17379,0.17409,0.22,0.23
2016.06.17 09:37:00.416,0.17378,0.17408,0.02,0.22
2016.06.17 09:37:56.697,0.17378,0.17408,0.02,0.22
2016.06.17 09:37:58.321,0.17373,0.17403,0.25,0.02
2016.06.17 09:37:58.426,0.17376,0.17406,0.21,0.17
2016.06.17 09:38:06.403,0.17371,0.17401,0.04,0.04
2016.06.17 09:38:06.555,0.17372,0.17402,0.21,0.19
2016.06.17 09:38:06.655,0.17376,0.17406,0.02,0.24
2016.06.17 09:38:07.381,0.17375,0.17405,0.19,0.22
2016.06.17 09:38:09.507,0.17373,0.17403,0.21,0.14
2016.06.17 09:38:10.553,0.17376,0.17406,0.15,0.26
2016.06.17 09:38:16.631,0.17372,0.17402,0.02,0.10
2016.06.17 09:38:17.288,0.17375,0.17405,0.22,0.21
2016.06.17 09:38:19.719,0.17373,0.17403,0.24,0.07
2016.06.17 09:38:33.711,0.17376,0.17406,0.07,0.21
2016.06.17 09:38:41.835,0.17375,0.17405,0.21,0.22
2016.06.17 09:38:50.699,0.17373,0.17403,0.32,0.12
2016.06.17 09:38:51.360,0.17373,0.17403,0.25,0.14
2016.06.17 09:38:54.157,0.17375,0.17405,0.25,0.25
2016.06.17 09:38:57.408,0.17373,0.17403,0.22,0.20
2016.06.17 09:39:00.388,0.17375,0.17405,0.07,0.22
2016.06.17 09:39:03.463,0.17373,0.17403,0.25,0.02
2016.06.17 09:39:15.097,0.17371,0.17401,0.04,0.04
2016.06.17 09:39:15.472,0.17374,0.17404,0.09,0.26
2016.06.17 09:39:49.068,0.17373,0.17403,0.02,0.24
2016.06.17 09:40:15.207,0.17372,0.17402,0.03,0.19
2016.06.17 09:40:24.139,0.17373,0.17403,0.14,0.18
2016.06.17 09:40:24.775,0.17371,0.17401,0.21,0.19
2016.06.17 09:40:35.620,0.17374,0.17404,0.02,0.22
2016.06.17 09:40:39.956,0.1737,0.174,0.22,0.19
2016.06.17 09:40:43.587,0.17372,0.17402,0.01,0.19
2016.06.17 09:40:45.048,0.17374,0.17404,0.02,0.19
2016.06.17 09:40:46.352,0.17371,0.17401,0.23,0.19
2016.06.17 09:41:16.944,0.17374,0.17404,0.05,0.23
2016.06.17 09:41:17.232,0.1737,0.174,0.26,0.02
2016.06.17 09:41:17.887,0.17371,0.17401,0.14,0.21
2016.06.17 09:41:19.153,0.17372,0.17402,0.19,0.18
2016.06.17 09:41:22.183,0.17371,0.17401,0.23,0.21
2016.06.17 09:41:23.085,0.17371,0.17402,0.23,0.21
2016.06.17 09:41:23.327,0.17369,0.17399,0.05,0.24
2016.06.17 09:41:30.089,0.17371,0.17401,0.12,0.24
2016.06.17 09:41:33.550,0.17374,0.17404,0.10,0.27
2016.06.17 09:41:35.789,0.17373,0.17403,0.21,0.22
2016.06.17 09:41:39.932,0.17373,0.17403,0.02,0.21
2016.06.17 09:41:40.184,0.17374,0.17404,0.15,0.23
2016.06.17 09:41:40.900,0.17374,0.17404,0.02,0.25
2016.06.17 09:41:42.104,0.17376,0.17406,0.14,0.23
2016.06.17 09:41:45.273,0.17375,0.17405,0.18,0.24
2016.06.17 09:41:51.270,0.17375,0.17407,0.19,0.28
2016.06.17 09:41:51.427,0.17377,0.17407,0.16,0.25
2016.06.17 09:41:53.177,0.17374,0.17404,0.24,0.02
2016.06.17 09:41:55.237,0.17379,0.17409,0.08,0.25
2016.06.17 09:42:10.367,0.17378,0.17408,0.16,0.20
2016.06.17 09:42:11.067,0.17376,0.17406,0.15,0.14
2016.06.17 09:42:12.154,0.17378,0.1741,0.04,0.26
2016.06.17 09:42:12.205,0.17381,0.17411,0.07,0.25
2016.06.17 09:42:12.807,0.17378,0.17408,0.02,0.02
2016.06.17 09:42:14.868,0.17379,0.17409,0.17,0.16
2016.06.17 09:42:19.173,0.17377,0.17407,0.03,0.04
2016.06.17 09:42:19.274,0.17376,0.17406,0.03,0.07
2016.06.17 09:42:43.563,0.17379,0.17409,0.02,0.24
2016.06.17 09:42:43.664,0.17381,0.17411,0.16,0.21
2016.06.17 09:42:49.508,0.17377,0.17407,0.03,0.04
2016.06.17 09:42:49.641,0.17379,0.17409,0.02,0.23
2016.06.17 09:42:57.819,0.17379,0.17409,0.20,0.24
2016.06.17 09:42:57.870,0.17381,0.17412,0.02,0.25
2016.06.17 09:42:58.523,0.17381,0.17411,0.10,0.24
2016.06.17 09:43:00.668,0.17378,0.17408,0.24,0.23
2016.06.17 09:43:00.972,0.17374,0.17404,0.31,0.02
2016.06.17 09:43:01.460,0.17381,0.17411,0.21,0.23
2016.06.17 09:43:04.025,0.17379,0.17409,0.21,0.11
2016.06.17 09:43:18.466,0.17377,0.17407,0.03,0.04
2016.06.17 09:43:19.022,0.17379,0.17409,0.02,0.25
2016.06.17 09:43:54.030,0.17376,0.17406,0.19,0.16
2016.06.17 09:44:18.056,0.17379,0.17409,0.16,0.25
2016.06.17 09:44:18.157,0.17382,0.17412,0.10,0.26
2016.06.17 09:44:18.701,0.17383,0.17413,0.02,0.27
2016.06.17 09:44:33.776,0.1738,0.1741,0.23,0.13
2016.06.17 09:44:40.003,0.17383,0.17413,0.16,0.22
2016.06.17 09:45:04.938,0.1738,0.1741,0.26,0.22
2016.06.17 09:45:13.757,0.17383,0.17413,0.02,0.27
2016.06.17 09:45:15.705,0.17382,0.17412,0.08,0.27
2016.06.17 09:45:16.164,0.1738,0.1741,0.18,0.24
2016.06.17 09:45:16.688,0.17379,0.17409,0.20,0.28
2016.06.17 09:45:18.945,0.17377,0.17407,0.03,0.22
2016.06.17 09:45:39.116,0.17376,0.17406,0.03,0.11
2016.06.17 09:45:44.977,0.17379,0.17409,0.11,0.25
2016.06.17 09:45:53.866,0.17376,0.17406,0.03,0.08
2016.06.17 09:45:55.046,0.17379,0.17409,0.22,0.21
2016.06.17 09:45:57.490,0.1738,0.1741,0.14,0.27
2016.06.17 09:45:57.541,0.1738,0.17411,0.14,0.22
2016.06.17 09:45:58.304,0.17382,0.17412,0.22,0.21
2016.06.17 09:46:00.520,0.1738,0.1741,0.03,0.20
2016.06.17 09:46:10.281,0.17379,0.17409,0.02,0.05
2016.06.17 09:46:10.836,0.17382,0.17412,0.02,0.25
2016.06.17 09:46:12.588,0.17379,0.17409,0.07,0.20
2016.06.17 09:46:19.370,0.17379,0.17409,0.02,0.27
2016.06.17 09:46:19.522,0.17378,0.17408,0.07,0.20
2016.06.17 09:46:23.357,0.17374,0.17404,0.22,0.02
2016.06.17 09:46:42.156,0.17376,0.17406,0.27,0.19
2016.06.17 09:46:42.793,0.17375,0.17405,0.01,0.15
2016.06.17 09:47:27.898,0.17375,0.17405,0.02,0.21
2016.06.17 09:47:30.389,0.17378,0.17408,0.06,0.20
2016.06.17 09:47:48.612,0.17375,0.17405,0.20,0.19
2016.06.17 09:47:53.655,0.17376,0.17406,0.02,0.21
2016.06.17 09:47:55.786,0.17375,0.17405,0.15,0.20
2016.06.17 09:48:01.045,0.17373,0.17403,0.22,0.21
2016.06.17 09:48:23.103,0.17377,0.17407,0.02,0.33
2016.06.17 09:48:23.617,0.17377,0.17407,0.02,0.23
2016.06.17 09:48:35.845,0.17375,0.17405,0.20,0.13
2016.06.17 09:48:36.375,0.17376,0.17406,0.13,0.21
2016.06.17 09:48:37.038,0.17373,0.17403,0.26,0.21
2016.06.17 09:48:37.748,0.17376,0.17406,0.10,0.23
2016.06.17 09:48:39.043,0.17376,0.17406,0.11,0.02
2016.06.17 09:48:39.927,0.17373,0.17403,0.23,0.19
2016.06.17 09:48:40.238,0.17373,0.17403,0.04,0.20
2016.06.17 09:48:40.887,0.17373,0.17403,0.12,0.21
2016.06.17 09:48:41.217,0.17371,0.17401,0.02,0.04
2016.06.17 09:48:53.828,0.17372,0.17402,0.01,0.19
2016.06.17 09:49:01.246,0.17372,0.17402,0.18,0.20
2016.06.17 09:49:07.876,0.17373,0.17403,0.16,0.23
2016.06.17 09:49:08.485,0.17374,0.17404,0.02,0.23
2016.06.17 09:49:09.911,0.17373,0.17403,0.21,0.19
2016.06.17 09:49:13.022,0.17374,0.17405,0.02,0.31
2016.06.17 09:49:13.072,0.17374,0.17405,0.02,0.29
2016.06.17 09:49:13.123,0.17376,0.17406,0.15,0.20
2016.06.17 09:49:13.886,0.17375,0.17405,0.02,0.22
2016.06.17 09:49:14.697,0.17374,0.17404,0.19,0.25
2016.06.17 09:49:16.148,0.17377,0.17407,0.02,0.27
2016.06.17 09:49:16.805,0.17373,0.17403,0.08,0.06
2016.06.17 09:49:18.480,0.17377,0.17407,0.02,0.23
2016.06.17 09:49:22.201,0.17378,0.17408,0.02,0.27
2016.06.17 09:49:23.287,0.17376,0.17406,0.22,0.10
2016.06.17 09:49:25.642,0.17378,0.17408,0.19,0.22
2016.06.17 09:49:26.252,0.17379,0.17409,0.19,0.33
2016.06.17 09:49:27.720,0.17378,0.17408,0.19,0.22
2016.06.17 09:49:28.914,0.17379,0.17409,0.02,0.26
2016.06.17 09:49:29.661,0.17378,0.17408,0.25,0.21
2016.06.17 09:49:30.224,0.17379,0.17409,0.02,0.31
2016.06.17 09:49:30.554,0.17377,0.17407,0.23,0.26
2016.06.17 09:49:32.270,0.17375,0.17407,0.20,0.27
2016.06.17 09:49:32.536,0.17373,0.17403,0.25,0.21
2016.06.17 09:49:33.612,0.17373,0.17403,0.02,0.21
2016.06.17 09:49:33.832,0.17371,0.17401,0.23,0.12
2016.06.17 09:49:34.479,0.17374,0.17404,0.02,0.19
2016.06.17 09:49:35.219,0.17371,0.17401,0.26,0.12
2016.06.17 09:49:35.373,0.17371,0.17401,0.02,0.16
2016.06.17 09:49:36.790,0.17374,0.17404,0.21,0.25
2016.06.17 09:49:37.486,0.17372,0.17402,0.01,0.21
2016.06.17 09:49:53.719,0.17374,0.17404,0.10,0.31
2016.06.17 09:49:55.989,0.17376,0.17406,0.06,0.28
2016.06.17 09:49:56.039,0.17375,0.17405,0.14,0.04
2016.06.17 09:49:56.790,0.17375,0.17405,0.16,0.19
2016.06.17 09:49:58.617,0.17374,0.17404,0.21,0.17
2016.06.17 09:49:59.106,0.17372,0.17402,0.01,0.22
2016.06.17 09:49:59.619,0.17372,0.17402,0.01,0.22
2016.06.17 09:50:01.022,0.17374,0.17404,0.07,0.22
2016.06.17 09:50:02.504,0.17374,0.17404,0.07,0.18
2016.06.17 09:50:03.019,0.17375,0.17405,0.02,0.24
2016.06.17 09:50:03.108,0.17371,0.17401,0.20,0.21
2016.06.17 09:50:03.667,0.17374,0.17404,0.08,0.17
2016.06.17 09:50:05.649,0.17371,0.17401,0.02,0.04
2016.06.17 09:50:06.627,0.17375,0.17405,0.09,0.22
2016.06.17 09:50:07.668,0.17377,0.17407,0.02,0.28
2016.06.17 09:50:14.619,0.17377,0.17407,0.21,0.21
2016.06.17 09:50:15.437,0.17374,0.17404,0.22,0.21
2016.06.17 09:50:17.562,0.17377,0.17407,0.02,0.27
2016.06.17 09:50:19.043,0.17375,0.17405,0.21,0.02
2016.06.17 09:50:19.695,0.17373,0.17403,0.22,0.05
2016.06.17 09:50:30.578,0.17375,0.17407,0.20,0.28
2016.06.17 09:50:33.693,0.17376,0.17406,0.21,0.02
2016.06.17 09:50:34.273,0.17376,0.17406,0.08,0.19
2016.06.17 09:50:34.927,0.17373,0.17403,0.04,0.20
2016.06.17 09:50:37.576,0.17377,0.17407,0.02,0.28
2016.06.17 09:50:40.643,0.17373,0.17403,0.24,0.20
2016.06.17 09:50:43.402,0.17376,0.17406,0.08,0.19
2016.06.17 09:50:45.950,0.17377,0.17407,0.02,0.24
2016.06.17 09:50:46.477,0.17373,0.17403,0.21,0.16
2016.06.17 09:50:49.053,0.17373,0.17403,0.17,0.16
2016.06.17 09:50:50.494,0.17375,0.17407,0.16,0.24
2016.06.17 09:50:50.545,0.17378,0.17408,0.02,0.25
2016.06.17 09:50:51.161,0.17376,0.17406,0.21,0.05
2016.06.17 09:50:52.156,0.17374,0.17404,0.26,0.02
2016.06.17 09:51:06.452,0.17378,0.17408,0.19,0.21
2016.06.17 09:51:34.018,0.17375,0.17405,0.01,0.28
2016.06.17 09:51:43.757,0.17378,0.17408,0.25,0.25
2016.06.17 09:51:52.376,0.17377,0.17407,0.01,0.21
2016.06.17 09:51:53.774,0.17379,0.17409,0.02,0.24
2016.06.17 09:52:26.822,0.17377,0.17407,0.24,0.09
2016.06.17 09:52:27.694,0.17379,0.17409,0.14,0.19
2016.06.17 09:52:28.359,0.17377,0.17407,0.22,0.09
2016.06.17 09:52:31.068,0.17379,0.17409,0.24,0.20
2016.06.17 09:52:48.282,0.17379,0.17411,0.25,0.22
2016.06.17 09:52:48.333,0.17379,0.17409,0.22,0.02
2016.06.17 09:52:50.899,0.1738,0.1741,0.03,0.12
2016.06.17 09:53:02.327,0.17383,0.17413,0.18,0.24
2016.06.17 09:53:13.681,0.17384,0.17414,0.02,0.22
2016.06.17 09:53:15.670,0.17384,0.17414,0.21,0.22
2016.06.17 09:53:16.028,0.17386,0.17416,0.08,0.22
2016.06.17 09:53:16.386,0.17384,0.17414,0.02,0.23
2016.06.17 09:53:18.730,0.17381,0.17411,0.02,0.06
2016.06.17 09:53:29.926,0.17383,0.17413,0.16,0.23
2016.06.17 09:53:30.719,0.1738,0.1741,0.05,0.25
2016.06.17 09:53:44.063,0.17383,0.17413,0.13,0.25
2016.06.17 09:53:45.545,0.1738,0.1741,0.05,0.19
2016.06.17 09:53:57.979,0.17383,0.17413,0.10,0.23
2016.06.17 09:53:58.666,0.1738,0.1741,0.05,0.22
2016.06.17 09:54:00.392,0.17383,0.17413,0.06,0.18
2016.06.17 09:54:07.127,0.17379,0.17409,0.13,0.02
2016.06.17 09:54:07.329,0.17381,0.17411,0.20,0.24
2016.06.17 09:54:08.095,0.17378,0.17408,0.24,0.20
2016.06.17 09:54:08.926,0.17381,0.17411,0.18,0.21
2016.06.17 09:54:10.230,0.17381,0.17411,0.19,0.23
2016.06.17 09:54:18.745,0.17374,0.17408,0.02,0.02
2016.06.17 09:54:18.796,0.17373,0.17403,0.01,0.26
2016.06.17 09:54:19.406,0.17373,0.17403,0.20,0.20
2016.06.17 09:54:23.249,0.17371,0.17401,0.20,0.16
2016.06.17 09:54:27.910,0.17371,0.17401,0.02,0.19
2016.06.17 09:55:27.976,0.17372,0.17403,0.16,0.25
2016.06.17 09:55:29.661,0.17373,0.17403,0.06,0.18
2016.06.17 09:55:31.677,0.17372,0.17402,0.19,0.26
2016.06.17 09:55:33.765,0.17372,0.17402,0.02,0.22
2016.06.17 09:55:36.168,0.17372,0.17402,0.17,0.18
2016.06.17 09:55:42.078,0.17373,0.17403,0.16,0.16
2016.06.17 09:55:43.041,0.17373,0.17403,0.01,0.21
2016.06.17 09:55:44.702,0.17371,0.17401,0.20,0.05
2016.06.17 09:55:50.123,0.17373,0.17403,0.12,0.19
2016.06.17 09:55:51.603,0.1737,0.174,0.25,0.18
2016.06.17 09:56:45.167,0.17371,0.17401,0.26,0.20
2016.06.17 09:56:45.676,0.1737,0.17403,0.02,0.24
2016.06.17 09:56:53.739,0.17371,0.17401,0.06,0.24
2016.06.17 09:56:57.589,0.1737,0.174,0.19,0.19
2016.06.17 09:57:09.726,0.17371,0.17401,0.16,0.20
2016.06.17 09:57:10.492,0.17372,0.17402,0.14,0.21
2016.06.17 09:57:27.229,0.17369,0.17399,0.02,0.02
2016.06.17 09:57:27.280,0.17368,0.17399,0.19,0.21
2016.06.17 09:57:27.380,0.17365,0.17395,0.27,0.02
2016.06.17 09:57:27.895,0.17366,0.17396,0.24,0.13
2016.06.17 09:57:29.676,0.17367,0.17397,0.02,0.17
2016.06.17 09:57:59.487,0.17368,0.17398,0.14,0.21
2016.06.17 09:57:59.538,0.17366,0.17396,0.29,0.08
2016.06.17 09:57:59.639,0.1737,0.174,0.18,0.15
2016.06.17 09:58:01.049,0.17371,0.17401,0.10,0.20
2016.06.17 09:58:02.747,0.17371,0.17401,0.12,0.23
2016.06.17 09:58:26.015,0.17371,0.17401,0.02,0.27
2016.06.17 09:58:28.104,0.17368,0.17399,0.04,0.23
2016.06.17 09:58:28.449,0.17366,0.17396,0.19,0.11
2016.06.17 09:58:29.018,0.17367,0.17397,0.03,0.23
2016.06.17 09:58:51.849,0.17368,0.17398,0.02,0.25
2016.06.17 09:59:29.045,0.17368,0.17398,0.18,0.20
2016.06.17 09:59:32.488,0.17365,0.17395,0.21,0.08
2016.06.17 09:59:53.658,0.17366,0.17396,0.25,0.19
