2011.07.13 05:00:00.837,0.36114,0.36159,0.06,0.05
2011.07.13 05:00:01.319,0.36114,0.3616,0.06,0.05
2011.07.13 05:00:02.236,0.36114,0.3616,0.06,0.05
2011.07.13 05:00:23.894,0.36114,0.36157,0.05,0.02
2011.07.13 05:00:31.274,0.36114,0.36156,0.05,0.02
2011.07.13 05:00:36.098,0.36114,0.36156,0.05,0.03
2011.07.13 05:00:39.128,0.36114,0.36156,0.05,0.03
2011.07.13 05:00:59.538,0.36114,0.36157,0.05,0.04
2011.07.13 05:01:00.165,0.36114,0.36159,0.05,0.04
2011.07.13 05:01:03.086,0.36115,0.36159,0.05,0.08
2011.07.13 05:01:04.209,0.36115,0.36159,0.05,0.04
2011.07.13 05:01:17.417,0.36115,0.36156,0.05,0.02
2011.07.13 05:01:31.467,0.36114,0.36155,0.03,0.04
2011.07.13 05:01:31.687,0.36109,0.36155,0.05,0.04
2011.07.13 05:01:34.307,0.36109,0.36155,0.05,0.04
2011.07.13 05:01:37.117,0.36109,0.36155,0.05,0.04
2011.07.13 05:01:37.227,0.36113,0.36156,0.05,0.06
2011.07.13 05:01:57.727,0.36117,0.36159,0.04,0.05
2011.07.13 05:01:57.837,0.36117,0.36159,0.05,0.04
2011.07.13 05:02:00.218,0.36117,0.36161,0.05,0.04
2011.07.13 05:02:00.889,0.36117,0.36161,0.05,0.04
2011.07.13 05:02:03.498,0.36117,0.36161,0.05,0.04
2011.07.13 05:02:11.947,0.36118,0.36161,0.05,0.04
2011.07.13 05:02:19.113,0.36115,0.36159,0.05,0.04
2011.07.13 05:02:19.367,0.36115,0.36159,0.05,0.04
2011.07.13 05:02:20.082,0.36119,0.36161,0.05,0.04
2011.07.13 05:02:20.186,0.36119,0.36161,0.05,0.04
2011.07.13 05:02:24.098,0.36122,0.36161,0.05,0.04
2011.07.13 05:02:24.564,0.36122,0.36165,0.05,0.04
2011.07.13 05:02:24.921,0.36122,0.36165,0.05,0.04
2011.07.13 05:02:25.347,0.36119,0.36161,0.05,0.04
2011.07.13 05:02:37.587,0.36122,0.36161,0.05,0.04
2011.07.13 05:02:38.039,0.36122,0.36164,0.05,0.04
2011.07.13 05:02:43.237,0.36124,0.36164,0.05,0.04
2011.07.13 05:02:43.787,0.36118,0.36161,0.05,0.04
2011.07.13 05:02:44.007,0.36117,0.36161,0.05,0.04
2011.07.13 05:03:03.501,0.36114,0.3616,0.05,0.04
2011.07.13 05:03:03.729,0.36114,0.3616,0.05,0.04
2011.07.13 05:03:05.624,0.36113,0.36155,0.03,0.04
2011.07.13 05:03:05.737,0.36112,0.36158,0.05,0.05
2011.07.13 05:03:05.847,0.36109,0.36155,0.05,0.04
2011.07.13 05:03:06.450,0.36109,0.36155,0.05,0.04
2011.07.13 05:03:07.237,0.36109,0.36155,0.05,0.04
2011.07.13 05:03:07.456,0.3611,0.36154,0.05,0.04
2011.07.13 05:03:18.721,0.3611,0.36154,0.05,0.04
2011.07.13 05:03:19.490,0.36109,0.36155,0.05,0.04
2011.07.13 05:03:20.267,0.36109,0.36155,0.05,0.04
2011.07.13 05:03:24.317,0.36112,0.36156,0.05,0.04
2011.07.13 05:03:26.697,0.36109,0.36155,0.05,0.04
2011.07.13 05:03:35.188,0.36114,0.36157,0.05,0.04
2011.07.13 05:03:35.617,0.36114,0.36157,0.05,0.04
2011.07.13 05:03:35.947,0.36117,0.36157,0.05,0.04
2011.07.13 05:03:36.487,0.36117,0.36162,0.05,0.04
2011.07.13 05:03:50.377,0.36115,0.36159,0.05,0.04
2011.07.13 05:03:50.597,0.36113,0.36157,0.05,0.04
2011.07.13 05:03:53.067,0.36113,0.36157,0.05,0.04
2011.07.13 05:03:53.730,0.36113,0.36157,0.05,0.04
2011.07.13 05:03:54.137,0.36113,0.36157,0.05,0.10
2011.07.13 05:03:54.284,0.36113,0.36157,0.05,0.10
2011.07.13 05:03:56.198,0.36113,0.36157,0.05,0.10
2011.07.13 05:03:58.446,0.3611,0.36154,0.05,0.04
2011.07.13 05:04:31.281,0.3611,0.36154,0.05,0.04
2011.07.13 05:04:31.980,0.36107,0.36153,0.05,0.04
2011.07.13 05:04:36.426,0.36107,0.36153,0.05,0.04
2011.07.13 05:04:37.090,0.3611,0.36154,0.05,0.04
2011.07.13 05:04:38.976,0.36108,0.36152,0.05,0.04
2011.07.13 05:04:39.088,0.36108,0.36152,0.05,0.04
2011.07.13 05:04:39.417,0.36109,0.36155,0.05,0.04
2011.07.13 05:04:41.817,0.36107,0.36153,0.05,0.04
2011.07.13 05:04:42.326,0.36107,0.36153,0.05,0.04
2011.07.13 05:04:43.208,0.36107,0.36153,0.05,0.04
2011.07.13 05:04:43.770,0.36109,0.36155,0.05,0.04
2011.07.13 05:05:04.022,0.36109,0.36155,0.05,0.04
2011.07.13 05:05:04.127,0.36109,0.36155,0.05,0.05
2011.07.13 05:05:04.237,0.36107,0.36153,0.05,0.04
2011.07.13 05:05:05.627,0.36107,0.36153,0.05,0.05
2011.07.13 05:05:05.736,0.36104,0.3615,0.05,0.04
2011.07.13 05:05:05.848,0.36107,0.36153,0.05,0.05
2011.07.13 05:05:11.938,0.36108,0.36154,0.05,0.04
2011.07.13 05:05:13.977,0.36108,0.36152,0.05,0.04
2011.07.13 05:05:15.860,0.36108,0.36154,0.05,0.05
2011.07.13 05:05:16.580,0.36108,0.36152,0.05,0.04
2011.07.13 05:05:17.697,0.36108,0.36154,0.05,0.04
2011.07.13 05:05:19.708,0.36109,0.36153,0.05,0.04
2011.07.13 05:05:34.528,0.36108,0.36154,0.05,0.04
2011.07.13 05:05:35.688,0.36108,0.36154,0.05,0.05
2011.07.13 05:05:42.008,0.36108,0.36154,0.05,0.08
2011.07.13 05:05:42.227,0.36107,0.36153,0.05,0.04
2011.07.13 05:05:42.447,0.36109,0.36153,0.05,0.04
2011.07.13 05:05:44.576,0.36107,0.36153,0.05,0.04
2011.07.13 05:05:45.917,0.36108,0.36154,0.05,0.04
2011.07.13 05:05:47.527,0.36107,0.36153,0.05,0.04
2011.07.13 05:05:47.797,0.36104,0.36145,0.03,0.04
2011.07.13 05:05:47.908,0.36099,0.36145,0.05,0.04
2011.07.13 05:05:48.157,0.36102,0.36148,0.05,0.04
2011.07.13 05:05:53.579,0.36099,0.36145,0.05,0.04
2011.07.13 05:05:54.177,0.36102,0.36148,0.05,0.04
2011.07.13 05:05:56.130,0.36099,0.36145,0.05,0.04
2011.07.13 05:05:57.127,0.36103,0.36147,0.05,0.04
2011.07.13 05:06:02.697,0.361,0.36144,0.05,0.04
2011.07.13 05:06:03.767,0.361,0.36144,0.05,0.04
2011.07.13 05:06:08.297,0.361,0.36144,0.05,0.04
2011.07.13 05:06:08.737,0.361,0.36144,0.05,0.04
2011.07.13 05:06:14.208,0.36103,0.36147,0.05,0.04
2011.07.13 05:06:16.747,0.361,0.36144,0.05,0.04
2011.07.13 05:06:19.797,0.361,0.36144,0.05,0.04
2011.07.13 05:06:21.237,0.361,0.36144,0.05,0.04
2011.07.13 05:06:24.438,0.361,0.36144,0.05,0.04
2011.07.13 05:06:25.010,0.36099,0.36143,0.05,0.04
2011.07.13 05:06:26.141,0.36099,0.36145,0.05,0.04
2011.07.13 05:06:26.531,0.36099,0.36145,0.05,0.04
2011.07.13 05:06:29.595,0.36099,0.36145,0.05,0.04
2011.07.13 05:06:29.709,0.36099,0.36145,0.05,0.04
2011.07.13 05:06:30.286,0.36099,0.36145,0.05,0.04
2011.07.13 05:06:33.147,0.36099,0.36145,0.05,0.04
2011.07.13 05:06:37.498,0.36099,0.36145,0.05,0.04
2011.07.13 05:06:38.089,0.36098,0.36144,0.05,0.04
2011.07.13 05:06:39.140,0.36098,0.36144,0.05,0.04
2011.07.13 05:07:04.907,0.36099,0.36145,0.05,0.04
2011.07.13 05:07:05.570,0.36098,0.36144,0.05,0.04
2011.07.13 05:07:06.117,0.36098,0.36144,0.05,0.04
2011.07.13 05:07:17.150,0.36098,0.36144,0.05,0.05
2011.07.13 05:07:19.388,0.36098,0.36142,0.05,0.04
2011.07.13 05:07:20.180,0.36099,0.36143,0.05,0.04
2011.07.13 05:07:42.287,0.36103,0.36147,0.05,0.06
2011.07.13 05:07:42.396,0.36103,0.36147,0.05,0.06
2011.07.13 05:07:43.023,0.361,0.36144,0.05,0.04
2011.07.13 05:07:43.127,0.36102,0.36147,0.05,0.02
2011.07.13 05:07:43.881,0.36102,0.36147,0.05,0.02
2011.07.13 05:07:49.557,0.361,0.36144,0.05,0.04
2011.07.13 05:07:49.667,0.361,0.36144,0.05,0.04
2011.07.13 05:07:50.227,0.36099,0.36145,0.05,0.04
2011.07.13 05:07:53.440,0.36099,0.36145,0.05,0.04
2011.07.13 05:07:54.210,0.36098,0.36144,0.05,0.04
2011.07.13 05:07:58.159,0.36098,0.36144,0.05,0.04
2011.07.13 05:08:00.009,0.361,0.36144,0.05,0.04
2011.07.13 05:08:01.190,0.36098,0.36144,0.05,0.04
2011.07.13 05:08:08.478,0.36103,0.36146,0.05,0.04
2011.07.13 05:08:10.187,0.36103,0.36147,0.05,0.06
2011.07.13 05:08:20.620,0.36103,0.36146,0.05,0.02
2011.07.13 05:08:32.547,0.36102,0.36146,0.05,0.02
2011.07.13 05:08:33.570,0.36098,0.36142,0.05,0.04
2011.07.13 05:08:33.679,0.36098,0.36142,0.05,0.04
2011.07.13 05:08:34.188,0.36098,0.36142,0.05,0.04
2011.07.13 05:08:38.846,0.36098,0.36144,0.05,0.04
2011.07.13 05:08:38.959,0.36098,0.36144,0.05,0.04
2011.07.13 05:08:40.147,0.36099,0.36145,0.05,0.04
2011.07.13 05:08:40.548,0.36099,0.36143,0.05,0.04
2011.07.13 05:08:43.189,0.36099,0.36145,0.05,0.04
2011.07.13 05:08:45.227,0.36098,0.36144,0.05,0.04
2011.07.13 05:08:45.778,0.361,0.36144,0.05,0.04
2011.07.13 05:08:46.563,0.36099,0.36143,0.05,0.04
2011.07.13 05:08:47.230,0.361,0.36144,0.05,0.04
2011.07.13 05:08:48.247,0.361,0.36144,0.05,0.04
2011.07.13 05:08:48.857,0.36098,0.36144,0.05,0.04
2011.07.13 05:08:59.588,0.36098,0.36144,0.05,0.04
2011.07.13 05:08:59.808,0.36104,0.36146,0.06,0.06
2011.07.13 05:08:59.918,0.36104,0.36146,0.06,0.06
2011.07.13 05:09:03.077,0.36104,0.3615,0.06,0.04
2011.07.13 05:09:04.230,0.36104,0.3615,0.06,0.04
2011.07.13 05:09:05.907,0.36104,0.36147,0.05,0.02
2011.07.13 05:09:08.768,0.36103,0.36144,0.03,0.04
2011.07.13 05:09:08.988,0.361,0.36144,0.05,0.04
2011.07.13 05:09:18.118,0.36099,0.36145,0.05,0.04
2011.07.13 05:09:19.247,0.36099,0.36145,0.05,0.04
2011.07.13 05:09:19.358,0.36099,0.36145,0.05,0.04
2011.07.13 05:09:19.937,0.36099,0.36145,0.05,0.04
2011.07.13 05:09:20.078,0.36103,0.36147,0.05,0.04
2011.07.13 05:09:20.848,0.36108,0.36152,0.05,0.04
2011.07.13 05:09:24.181,0.36108,0.36154,0.05,0.04
2011.07.13 05:09:27.479,0.36108,0.36154,0.05,0.04
2011.07.13 05:09:29.143,0.3611,0.36154,0.05,0.04
2011.07.13 05:09:32.987,0.3611,0.36154,0.05,0.04
2011.07.13 05:09:34.737,0.36109,0.36155,0.05,0.04
2011.07.13 05:09:36.187,0.36109,0.36155,0.05,0.04
2011.07.13 05:09:36.578,0.36109,0.36155,0.05,0.04
2011.07.13 05:09:36.687,0.36109,0.36155,0.05,0.04
2011.07.13 05:09:38.317,0.36109,0.36155,0.05,0.04
2011.07.13 05:09:41.180,0.36113,0.36157,0.05,0.10
2011.07.13 05:09:41.517,0.3611,0.36154,0.05,0.04
2011.07.13 05:09:43.179,0.3611,0.36154,0.05,0.04
2011.07.13 05:10:06.117,0.3611,0.36154,0.05,0.04
2011.07.13 05:10:06.660,0.36109,0.36153,0.05,0.04
2011.07.13 05:10:07.257,0.3611,0.36154,0.05,0.04
2011.07.13 05:10:08.097,0.3611,0.36154,0.05,0.04
2011.07.13 05:10:10.828,0.36109,0.36155,0.05,0.04
2011.07.13 05:10:11.545,0.36109,0.36155,0.05,0.04
2011.07.13 05:10:12.115,0.36109,0.36155,0.05,0.04
2011.07.13 05:10:12.310,0.36109,0.36155,0.05,0.04
2011.07.13 05:10:31.868,0.36113,0.36157,0.05,0.08
2011.07.13 05:10:31.978,0.36113,0.36157,0.05,0.08
2011.07.13 05:10:32.087,0.36114,0.36157,0.05,0.04
2011.07.13 05:10:32.418,0.36109,0.36155,0.05,0.04
2011.07.13 05:10:32.528,0.36109,0.36155,0.05,0.04
2011.07.13 05:10:34.309,0.36112,0.36157,0.05,0.04
2011.07.13 05:10:34.982,0.36112,0.36158,0.05,0.04
2011.07.13 05:11:02.517,0.36113,0.36154,0.03,0.04
2011.07.13 05:11:02.629,0.3611,0.36154,0.05,0.04
2011.07.13 05:11:03.482,0.3611,0.36154,0.05,0.04
2011.07.13 05:11:06.910,0.36104,0.36147,0.05,0.02
2011.07.13 05:11:07.128,0.36103,0.36147,0.03,0.02
2011.07.13 05:11:13.784,0.36103,0.36148,0.03,0.04
2011.07.13 05:11:14.580,0.36103,0.36147,0.06,0.04
2011.07.13 05:11:15.698,0.36103,0.36148,0.03,0.04
2011.07.13 05:11:15.918,0.36107,0.36149,0.05,0.04
2011.07.13 05:11:16.138,0.36107,0.36153,0.05,0.04
2011.07.13 05:11:17.578,0.36108,0.36154,0.05,0.04
2011.07.13 05:11:17.907,0.36105,0.36149,0.05,0.04
2011.07.13 05:11:19.392,0.36103,0.36147,0.06,0.04
2011.07.13 05:11:19.499,0.36103,0.36147,0.06,0.06
2011.07.13 05:11:27.338,0.36104,0.3615,0.05,0.08
2011.07.13 05:11:27.448,0.36108,0.3615,0.05,0.04
2011.07.13 05:11:27.818,0.36109,0.36153,0.05,0.04
2011.07.13 05:11:32.608,0.36108,0.36154,0.05,0.04
2011.07.13 05:11:32.828,0.36108,0.36154,0.05,0.04
2011.07.13 05:11:33.410,0.36109,0.36155,0.05,0.04
2011.07.13 05:11:34.447,0.36109,0.36155,0.05,0.04
2011.07.13 05:11:36.139,0.36109,0.36155,0.05,0.04
2011.07.13 05:11:36.608,0.36112,0.36157,0.05,0.04
2011.07.13 05:11:37.122,0.36112,0.36158,0.05,0.05
2011.07.13 05:11:37.368,0.36109,0.36155,0.05,0.04
2011.07.13 05:11:39.477,0.36109,0.36155,0.05,0.04
2011.07.13 05:11:46.149,0.36109,0.36155,0.05,0.04
2011.07.13 05:11:46.257,0.36113,0.36157,0.05,0.08
2011.07.13 05:11:46.395,0.36109,0.36155,0.05,0.04
2011.07.13 05:11:46.507,0.36109,0.36155,0.05,0.04
2011.07.13 05:11:48.239,0.36109,0.36155,0.05,0.04
2011.07.13 05:11:49.377,0.36112,0.36156,0.05,0.04
2011.07.13 05:11:49.755,0.36112,0.36158,0.05,0.04
2011.07.13 05:11:50.506,0.36117,0.36159,0.04,0.05
2011.07.13 05:11:50.837,0.36114,0.36159,0.03,0.08
2011.07.13 05:11:52.248,0.36114,0.36158,0.06,0.04
2011.07.13 05:11:55.217,0.36115,0.36159,0.05,0.08
2011.07.13 05:11:58.139,0.36114,0.36158,0.05,0.04
2011.07.13 05:12:00.241,0.3611,0.36154,0.05,0.04
2011.07.13 05:12:00.764,0.3611,0.36154,0.05,0.04
2011.07.13 05:12:12.627,0.36114,0.36157,0.05,0.04
2011.07.13 05:12:12.737,0.36114,0.36157,0.05,0.04
2011.07.13 05:12:13.361,0.36114,0.36158,0.05,0.04
2011.07.13 05:12:14.138,0.36113,0.36157,0.05,0.04
2011.07.13 05:12:14.357,0.36113,0.36157,0.05,0.06
2011.07.13 05:12:16.138,0.36114,0.36157,0.05,0.02
2011.07.13 05:12:16.963,0.36114,0.36158,0.05,0.04
2011.07.13 05:12:58.619,0.36112,0.36157,0.05,0.02
2011.07.13 05:12:59.198,0.36112,0.36158,0.05,0.04
2011.07.13 05:13:04.528,0.36114,0.36158,0.05,0.04
2011.07.13 05:13:13.677,0.36114,0.36157,0.05,0.02
2011.07.13 05:13:15.103,0.36114,0.36157,0.05,0.03
2011.07.13 05:13:17.200,0.36114,0.36157,0.05,0.03
2011.07.13 05:13:19.518,0.36108,0.36154,0.05,0.05
2011.07.13 05:13:19.738,0.36108,0.36152,0.05,0.04
2011.07.13 05:13:31.609,0.36102,0.36148,0.05,0.04
2011.07.13 05:13:33.668,0.361,0.36144,0.05,0.04
2011.07.13 05:13:36.083,0.361,0.36144,0.05,0.04
2011.07.13 05:13:46.443,0.361,0.36144,0.05,0.04
2011.07.13 05:13:46.798,0.36099,0.36143,0.05,0.04
2011.07.13 05:13:49.630,0.36099,0.36143,0.05,0.04
2011.07.13 05:13:50.509,0.36099,0.36143,0.05,0.04
2011.07.13 05:13:51.058,0.36099,0.36145,0.05,0.04
2011.07.13 05:13:51.168,0.36099,0.36143,0.05,0.04
2011.07.13 05:13:53.169,0.36099,0.36145,0.05,0.04
2011.07.13 05:13:53.531,0.36099,0.36145,0.05,0.04
2011.07.13 05:13:58.488,0.36099,0.36145,0.05,0.04
2011.07.13 05:13:58.708,0.36108,0.36152,0.05,0.04
2011.07.13 05:14:01.184,0.36108,0.36152,0.05,0.04
2011.07.13 05:14:02.063,0.36108,0.36152,0.05,0.04
2011.07.13 05:14:11.181,0.36108,0.36154,0.05,0.05
2011.07.13 05:14:11.288,0.36108,0.36154,0.05,0.04
2011.07.13 05:14:12.298,0.36108,0.36154,0.05,0.04
2011.07.13 05:14:18.187,0.36113,0.36157,0.05,0.10
2011.07.13 05:14:18.911,0.36108,0.36154,0.05,0.04
2011.07.13 05:14:20.028,0.36113,0.36157,0.05,0.10
2011.07.13 05:14:20.138,0.36108,0.36154,0.05,0.04
2011.07.13 05:14:25.048,0.36113,0.36156,0.05,0.03
2011.07.13 05:14:25.790,0.36109,0.36153,0.05,0.04
2011.07.13 05:14:40.707,0.36108,0.36152,0.05,0.04
2011.07.13 05:14:40.818,0.36108,0.36152,0.05,0.04
2011.07.13 05:14:41.621,0.36108,0.36152,0.05,0.04
2011.07.13 05:14:44.634,0.36109,0.36153,0.05,0.04
2011.07.13 05:14:44.848,0.36109,0.36153,0.05,0.04
2011.07.13 05:14:57.789,0.36107,0.36153,0.05,0.04
2011.07.13 05:14:59.870,0.36113,0.36155,0.04,0.05
2011.07.13 05:15:00.198,0.36109,0.36153,0.05,0.04
2011.07.13 05:15:00.595,0.36118,0.36156,0.05,0.06
2011.07.13 05:15:01.298,0.36118,0.36162,0.05,0.08
2011.07.13 05:15:03.190,0.36118,0.36162,0.05,0.08
2011.07.13 05:15:04.738,0.36119,0.36162,0.05,0.04
2011.07.13 05:15:04.849,0.36119,0.36162,0.05,0.04
2011.07.13 05:15:05.180,0.36123,0.36162,0.05,0.04
2011.07.13 05:15:05.398,0.36123,0.36164,0.05,0.04
2011.07.13 05:15:08.409,0.36128,0.36164,0.04,0.04
2011.07.13 05:15:08.740,0.36134,0.36174,0.05,0.08
2011.07.13 05:15:08.958,0.36128,0.36172,0.05,0.04
2011.07.13 05:15:09.178,0.3613,0.36174,0.05,0.04
2011.07.13 05:15:09.668,0.36133,0.36177,0.05,0.10
2011.07.13 05:15:09.778,0.36133,0.36177,0.05,0.06
2011.07.13 05:15:11.738,0.36144,0.3618,0.04,0.04
2011.07.13 05:15:11.848,0.36142,0.3618,0.05,0.04
2011.07.13 05:15:11.959,0.36142,0.3618,0.05,0.04
2011.07.13 05:15:12.288,0.36145,0.36186,0.05,0.02
2011.07.13 05:15:12.398,0.36145,0.36186,0.05,0.02
2011.07.13 05:15:12.618,0.36147,0.36192,0.05,0.05
2011.07.13 05:15:12.838,0.36147,0.36192,0.05,0.04
2011.07.13 05:15:13.461,0.36147,0.36193,0.05,0.04
2011.07.13 05:15:13.802,0.36147,0.36193,0.05,0.04
2011.07.13 05:15:14.019,0.36147,0.36193,0.05,0.04
2011.07.13 05:15:17.458,0.36149,0.36193,0.05,0.04
2011.07.13 05:15:18.598,0.36155,0.36196,0.05,0.03
2011.07.13 05:15:18.708,0.36155,0.36196,0.05,0.02
2011.07.13 05:15:19.038,0.36157,0.36196,0.05,0.02
2011.07.13 05:15:19.808,0.3616,0.36196,0.05,0.02
2011.07.13 05:15:19.918,0.36162,0.36202,0.05,0.04
2011.07.13 05:15:20.029,0.36162,0.36202,0.05,0.04
2011.07.13 05:15:20.469,0.36165,0.36205,0.05,0.04
2011.07.13 05:15:21.022,0.36165,0.36206,0.05,0.04
2011.07.13 05:15:21.918,0.36167,0.36206,0.05,0.04
2011.07.13 05:15:24.109,0.36169,0.36215,0.05,0.04
2011.07.13 05:15:25.010,0.36169,0.36215,0.05,0.04
2011.07.13 05:15:25.118,0.36169,0.36213,0.05,0.04
2011.07.13 05:15:26.880,0.36168,0.36214,0.05,0.04
2011.07.13 05:15:27.429,0.36173,0.36213,0.03,0.04
2011.07.13 05:15:27.538,0.36174,0.36216,0.05,0.04
2011.07.13 05:15:27.648,0.36174,0.36216,0.06,0.06
2011.07.13 05:15:28.198,0.36178,0.36222,0.05,0.08
2011.07.13 05:15:28.638,0.36175,0.36219,0.05,0.04
2011.07.13 05:15:28.968,0.36175,0.36219,0.05,0.04
2011.07.13 05:15:33.417,0.36179,0.36224,0.05,0.05
2011.07.13 05:15:33.952,0.36179,0.36224,0.05,0.04
2011.07.13 05:15:34.540,0.36177,0.36223,0.05,0.04
2011.07.13 05:15:35.869,0.3618,0.36224,0.05,0.05
2011.07.13 05:15:36.088,0.3618,0.36224,0.05,0.04
2011.07.13 05:15:36.528,0.36177,0.36223,0.05,0.04
2011.07.13 05:15:37.079,0.36184,0.36224,0.03,0.04
2011.07.13 05:15:37.409,0.36177,0.36223,0.05,0.04
2011.07.13 05:15:39.905,0.36179,0.36225,0.05,0.09
2011.07.13 05:15:40.018,0.36179,0.36225,0.05,0.08
2011.07.13 05:15:40.838,0.36178,0.36222,0.05,0.04
2011.07.13 05:15:40.948,0.36178,0.36222,0.05,0.04
2011.07.13 05:15:42.315,0.36183,0.36222,0.02,0.04
2011.07.13 05:15:42.428,0.36183,0.36224,0.02,0.05
2011.07.13 05:15:42.539,0.36184,0.36224,0.03,0.04
2011.07.13 05:15:42.878,0.36184,0.36226,0.06,0.06
2011.07.13 05:15:45.070,0.36187,0.36231,0.05,0.04
2011.07.13 05:15:45.398,0.36187,0.36233,0.05,0.04
2011.07.13 05:15:48.229,0.36189,0.36235,0.05,0.09
2011.07.13 05:15:48.449,0.36194,0.36235,0.06,0.04
2011.07.13 05:15:48.778,0.36194,0.36236,0.06,0.02
2011.07.13 05:15:52.362,0.36194,0.3624,0.08,0.04
2011.07.13 05:15:52.798,0.36197,0.36243,0.05,0.04
2011.07.13 05:15:53.522,0.36199,0.36245,0.05,0.05
2011.07.13 05:15:53.738,0.36199,0.36245,0.05,0.04
2011.07.13 05:15:54.239,0.36204,0.36245,0.02,0.04
2011.07.13 05:15:54.827,0.36199,0.36245,0.05,0.04
2011.07.13 05:15:57.308,0.36204,0.36245,0.02,0.04
2011.07.13 05:15:57.951,0.36199,0.36245,0.05,0.04
2011.07.13 05:16:02.738,0.36204,0.36248,0.04,0.05
2011.07.13 05:16:02.848,0.36204,0.36248,0.05,0.04
2011.07.13 05:16:03.178,0.36199,0.36245,0.05,0.04
2011.07.13 05:16:04.240,0.36199,0.36245,0.05,0.04
2011.07.13 05:16:04.748,0.36199,0.36245,0.05,0.04
2011.07.13 05:16:05.088,0.36204,0.36246,0.05,0.02
2011.07.13 05:16:05.418,0.36204,0.36248,0.05,0.04
2011.07.13 05:16:06.278,0.36207,0.36252,0.05,0.04
2011.07.13 05:16:07.001,0.36207,0.36253,0.05,0.04
2011.07.13 05:16:09.189,0.36207,0.36253,0.05,0.04
2011.07.13 05:16:18.838,0.36204,0.36247,0.05,0.02
2011.07.13 05:16:18.948,0.36204,0.3625,0.05,0.04
2011.07.13 05:16:19.438,0.36207,0.36253,0.05,0.04
2011.07.13 05:16:21.458,0.36207,0.36253,0.05,0.05
2011.07.13 05:16:21.789,0.36208,0.36246,0.05,0.02
2011.07.13 05:16:21.898,0.36208,0.36252,0.05,0.08
2011.07.13 05:16:22.118,0.36203,0.36244,0.03,0.04
2011.07.13 05:16:22.229,0.362,0.36244,0.05,0.04
2011.07.13 05:16:25.722,0.36197,0.36243,0.06,0.04
2011.07.13 05:16:25.938,0.36197,0.36243,0.05,0.04
2011.07.13 05:16:37.698,0.36203,0.36245,0.04,0.05
2011.07.13 05:16:37.808,0.36203,0.36245,0.05,0.05
2011.07.13 05:16:38.301,0.36203,0.36247,0.05,0.06
2011.07.13 05:16:38.958,0.362,0.36244,0.05,0.04
2011.07.13 05:16:39.178,0.362,0.36244,0.05,0.04
2011.07.13 05:16:39.842,0.362,0.36244,0.05,0.04
2011.07.13 05:16:44.418,0.362,0.36244,0.05,0.04
2011.07.13 05:16:46.328,0.36197,0.36243,0.05,0.04
2011.07.13 05:16:46.439,0.36197,0.36243,0.05,0.04
2011.07.13 05:16:52.188,0.36202,0.36245,0.04,0.05
2011.07.13 05:16:52.299,0.36202,0.36245,0.05,0.04
2011.07.13 05:16:52.858,0.36202,0.36247,0.05,0.03
2011.07.13 05:16:53.818,0.36202,0.36247,0.05,0.02
2011.07.13 05:16:55.299,0.36204,0.36246,0.06,0.02
2011.07.13 05:16:55.518,0.36207,0.3625,0.05,0.04
2011.07.13 05:16:55.695,0.36207,0.3625,0.05,0.04
2011.07.13 05:16:57.290,0.36207,0.36253,0.05,0.04
2011.07.13 05:16:57.852,0.3621,0.36254,0.05,0.04
2011.07.13 05:16:59.118,0.36208,0.36252,0.05,0.04
2011.07.13 05:16:59.640,0.36208,0.36252,0.05,0.04
2011.07.13 05:16:59.748,0.36209,0.36255,0.05,0.05
2011.07.13 05:16:59.859,0.36208,0.36252,0.05,0.04
2011.07.13 05:17:00.305,0.3621,0.36254,0.05,0.04
2011.07.13 05:17:00.548,0.3621,0.36254,0.05,0.04
2011.07.13 05:17:01.069,0.36208,0.36252,0.05,0.04
2011.07.13 05:17:01.618,0.36207,0.36253,0.05,0.04
2011.07.13 05:17:02.628,0.36205,0.36249,0.05,0.04
2011.07.13 05:17:02.738,0.36207,0.36253,0.05,0.05
2011.07.13 05:17:02.848,0.36207,0.36253,0.05,0.05
2011.07.13 05:17:13.828,0.3621,0.36254,0.05,0.04
2011.07.13 05:17:14.158,0.36214,0.36254,0.02,0.04
2011.07.13 05:17:15.158,0.36214,0.36254,0.02,0.04
2011.07.13 05:17:16.808,0.36214,0.36256,0.03,0.03
2011.07.13 05:17:17.619,0.36214,0.36256,0.06,0.02
2011.07.13 05:17:19.649,0.36214,0.36256,0.06,0.02
2011.07.13 05:17:19.759,0.36218,0.36256,0.04,0.02
2011.07.13 05:17:20.088,0.36218,0.36256,0.05,0.02
2011.07.13 05:17:22.888,0.36219,0.36256,0.05,0.02
2011.07.13 05:17:26.448,0.3622,0.36256,0.05,0.02
2011.07.13 05:17:27.083,0.36217,0.36256,0.05,0.02
2011.07.13 05:17:27.188,0.36217,0.36256,0.05,0.02
2011.07.13 05:17:29.378,0.36217,0.36257,0.05,0.02
2011.07.13 05:17:30.308,0.36219,0.36256,0.05,0.02
2011.07.13 05:17:30.878,0.36219,0.36256,0.05,0.02
2011.07.13 05:17:43.269,0.36219,0.36257,0.05,0.02
2011.07.13 05:17:43.811,0.36219,0.36256,0.05,0.02
2011.07.13 05:17:45.148,0.36219,0.36257,0.05,0.02
2011.07.13 05:17:45.689,0.36219,0.36256,0.05,0.02
2011.07.13 05:17:46.958,0.36219,0.36257,0.05,0.02
2011.07.13 05:17:51.668,0.36217,0.36257,0.05,0.02
2011.07.13 05:17:51.889,0.36214,0.36257,0.05,0.02
2011.07.13 05:17:51.999,0.36213,0.36255,0.03,0.04
2011.07.13 05:17:52.548,0.36208,0.36254,0.05,0.04
2011.07.13 05:17:53.430,0.36213,0.36256,0.05,0.04
2011.07.13 05:17:53.739,0.36209,0.36253,0.05,0.04
2011.07.13 05:17:53.958,0.36209,0.36253,0.05,0.04
2011.07.13 05:17:54.671,0.3621,0.36254,0.05,0.04
2011.07.13 05:18:01.628,0.36219,0.36256,0.05,0.06
2011.07.13 05:18:02.249,0.36219,0.36257,0.05,0.02
2011.07.13 05:18:02.989,0.36219,0.36265,0.05,0.05
2011.07.13 05:18:04.211,0.36219,0.36265,0.05,0.05
2011.07.13 05:18:07.180,0.36219,0.36265,0.05,0.05
2011.07.13 05:18:23.631,0.36219,0.36257,0.05,0.02
2011.07.13 05:18:32.689,0.36219,0.36265,0.05,0.05
2011.07.13 05:18:33.335,0.36214,0.36258,0.03,0.04
2011.07.13 05:18:33.558,0.3621,0.36256,0.05,0.04
2011.07.13 05:18:34.009,0.3621,0.36254,0.05,0.04
2011.07.13 05:18:37.698,0.36207,0.36253,0.05,0.04
2011.07.13 05:18:37.808,0.36207,0.36253,0.05,0.04
2011.07.13 05:18:39.436,0.36209,0.36255,0.05,0.09
2011.07.13 05:18:39.658,0.36209,0.36255,0.05,0.08
2011.07.13 05:18:41.428,0.36209,0.36255,0.05,0.04
2011.07.13 05:18:42.241,0.36208,0.36254,0.05,0.04
2011.07.13 05:18:43.160,0.36207,0.36253,0.05,0.04
2011.07.13 05:18:43.708,0.36207,0.36253,0.05,0.04
2011.07.13 05:18:45.028,0.36208,0.36254,0.05,0.09
2011.07.13 05:18:45.596,0.36208,0.36254,0.05,0.04
2011.07.13 05:18:45.709,0.36208,0.36252,0.05,0.04
2011.07.13 05:18:55.163,0.36208,0.36247,0.05,0.02
2011.07.13 05:18:57.319,0.36208,0.36246,0.05,0.02
2011.07.13 05:18:59.978,0.36208,0.36252,0.05,0.04
2011.07.13 05:19:00.652,0.36208,0.36246,0.05,0.02
2011.07.13 05:19:01.189,0.36208,0.36252,0.05,0.04
2011.07.13 05:19:03.233,0.36208,0.36252,0.05,0.04
2011.07.13 05:19:03.609,0.36208,0.36252,0.05,0.04
2011.07.13 05:19:04.149,0.36208,0.36246,0.05,0.02
2011.07.13 05:19:04.907,0.36208,0.36252,0.05,0.04
2011.07.13 05:19:05.318,0.36205,0.36249,0.05,0.04
2011.07.13 05:19:05.722,0.36205,0.36247,0.05,0.02
2011.07.13 05:19:07.229,0.36205,0.36246,0.05,0.02
2011.07.13 05:19:07.449,0.362,0.36244,0.05,0.04
2011.07.13 05:19:07.788,0.36198,0.36242,0.05,0.04
2011.07.13 05:19:07.917,0.36198,0.36242,0.05,0.04
2011.07.13 05:19:10.518,0.36199,0.36244,0.05,0.05
2011.07.13 05:19:10.848,0.36203,0.36244,0.05,0.04
2011.07.13 05:19:12.130,0.36199,0.36243,0.05,0.04
2011.07.13 05:19:12.678,0.36202,0.36246,0.05,0.03
2011.07.13 05:19:12.790,0.36202,0.36246,0.05,0.03
2011.07.13 05:19:13.289,0.36202,0.36246,0.05,0.03
2011.07.13 05:19:14.248,0.36197,0.36243,0.05,0.04
2011.07.13 05:19:14.725,0.36193,0.36229,0.03,0.04
2011.07.13 05:19:15.062,0.36194,0.36244,0.03,0.04
2011.07.13 05:19:15.279,0.36193,0.36244,0.03,0.04
2011.07.13 05:19:18.209,0.36193,0.36229,0.03,0.04
2011.07.13 05:19:18.319,0.36194,0.36244,0.03,0.04
2011.07.13 05:19:19.551,0.3619,0.3622,0.02,0.04
2011.07.13 05:19:19.658,0.36193,0.36245,0.03,0.05
2011.07.13 05:19:19.768,0.36193,0.36225,0.02,0.04
2011.07.13 05:19:19.878,0.36193,0.36245,0.03,0.05
2011.07.13 05:19:19.989,0.36187,0.36227,0.05,0.04
2011.07.13 05:19:20.098,0.36185,0.36225,0.03,0.04
2011.07.13 05:19:20.428,0.36188,0.36241,0.03,0.04
2011.07.13 05:19:20.758,0.36184,0.36237,0.03,0.02
2011.07.13 05:19:23.229,0.36184,0.36236,0.03,0.06
2011.07.13 05:19:23.449,0.36183,0.36235,0.03,0.05
2011.07.13 05:19:23.645,0.36183,0.36233,0.03,0.05
2011.07.13 05:19:23.869,0.36183,0.36231,0.03,0.05
2011.07.13 05:19:23.978,0.36174,0.3621,0.05,0.04
2011.07.13 05:19:24.751,0.36174,0.36226,0.03,0.02
2011.07.13 05:19:27.768,0.36174,0.36215,0.05,0.04
2011.07.13 05:19:35.859,0.36176,0.36218,0.03,0.04
2011.07.13 05:19:38.859,0.36184,0.3622,0.03,0.04
2011.07.13 05:19:39.169,0.36178,0.36218,0.02,0.04
2011.07.13 05:19:39.279,0.36176,0.36218,0.03,0.04
2011.07.13 05:19:40.680,0.36183,0.3622,0.03,0.04
2011.07.13 05:19:40.788,0.36183,0.36222,0.03,0.04
2011.07.13 05:19:41.389,0.36183,0.36217,0.02,0.04
2011.07.13 05:19:49.818,0.36183,0.36235,0.07,0.05
2011.07.13 05:19:49.927,0.36183,0.36219,0.07,0.04
2011.07.13 05:19:50.608,0.36183,0.36217,0.07,0.04
2011.07.13 05:19:51.208,0.36183,0.36235,0.05,0.05
2011.07.13 05:19:53.299,0.36183,0.36235,0.06,0.05
2011.07.13 05:19:58.098,0.36183,0.36217,0.06,0.04
2011.07.13 05:19:58.319,0.36183,0.36236,0.05,0.05
2011.07.13 05:20:07.777,0.36184,0.36232,0.07,0.04
2011.07.13 05:20:07.889,0.36184,0.36224,0.05,0.04
2011.07.13 05:20:07.999,0.36184,0.36219,0.03,0.04
2011.07.13 05:20:11.969,0.36184,0.36224,0.03,0.04
2011.07.13 05:20:12.208,0.36184,0.36228,0.03,0.04
2011.07.13 05:20:12.780,0.36188,0.3623,0.02,0.04
2011.07.13 05:20:16.768,0.36186,0.3623,0.03,0.04
2011.07.13 05:20:16.878,0.36186,0.36228,0.03,0.04
2011.07.13 05:20:45.682,0.36193,0.36229,0.03,0.04
2011.07.13 05:20:46.072,0.36193,0.36229,0.03,0.04
2011.07.13 05:20:50.000,0.36193,0.36232,0.05,0.04
2011.07.13 05:20:55.149,0.36193,0.36233,0.03,0.04
2011.07.13 05:21:30.300,0.36193,0.36234,0.05,0.04
2011.07.13 05:21:39.029,0.36203,0.36237,0.03,0.04
2011.07.13 05:21:39.138,0.36203,0.36237,0.03,0.04
2011.07.13 05:21:39.729,0.36203,0.3624,0.03,0.04
2011.07.13 05:21:40.058,0.36199,0.36238,0.02,0.04
2011.07.13 05:21:40.168,0.36196,0.36238,0.03,0.04
2011.07.13 05:21:53.656,0.36203,0.36238,0.03,0.04
2011.07.13 05:21:54.276,0.36204,0.36239,0.03,0.04
2011.07.13 05:21:56.926,0.36203,0.36251,0.03,0.04
2011.07.13 05:21:57.042,0.36203,0.36243,0.03,0.04
2011.07.13 05:22:01.649,0.36203,0.3624,0.03,0.04
2011.07.13 05:22:01.759,0.36203,0.3624,0.03,0.04
2011.07.13 05:22:20.390,0.36203,0.36251,0.03,0.04
2011.07.13 05:22:20.498,0.36203,0.36243,0.03,0.04
2011.07.13 05:22:24.581,0.36203,0.36245,0.03,0.04
2011.07.13 05:22:24.689,0.36204,0.36245,0.03,0.04
2011.07.13 05:22:29.648,0.36213,0.36248,0.03,0.04
2011.07.13 05:22:29.759,0.36213,0.36248,0.03,0.04
2011.07.13 05:22:31.014,0.36213,0.3625,0.03,0.04
2011.07.13 05:22:31.559,0.36214,0.3625,0.05,0.04
2011.07.13 05:22:33.509,0.36214,0.36253,0.05,0.04
2011.07.13 05:22:42.339,0.36224,0.36254,0.02,0.04
2011.07.13 05:22:53.386,0.36223,0.36265,0.03,0.04
2011.07.13 05:22:53.498,0.36223,0.3626,0.03,0.04
2011.07.13 05:22:53.608,0.36223,0.3626,0.03,0.04
2011.07.13 05:22:55.088,0.36223,0.36263,0.05,0.04
2011.07.13 05:22:55.198,0.36223,0.36263,0.05,0.04
2011.07.13 05:22:57.781,0.36223,0.36264,0.03,0.04
2011.07.13 05:22:58.231,0.36234,0.36264,0.03,0.04
2011.07.13 05:23:24.658,0.36229,0.36275,0.05,0.04
2011.07.13 05:23:40.566,0.36224,0.36268,0.05,0.04
2011.07.13 05:23:40.678,0.36229,0.36275,0.05,0.04
2011.07.13 05:23:41.432,0.36229,0.36275,0.05,0.05
2011.07.13 05:23:43.280,0.36229,0.36275,0.05,0.05
2011.07.13 05:23:43.389,0.36224,0.3627,0.05,0.04
2011.07.13 05:23:43.769,0.36223,0.36266,0.05,0.02
2011.07.13 05:23:44.099,0.36223,0.36266,0.05,0.02
2011.07.13 05:23:44.209,0.36223,0.36269,0.05,0.08
2011.07.13 05:23:45.320,0.36223,0.36269,0.05,0.04
2011.07.13 05:23:48.569,0.36224,0.3627,0.05,0.04
2011.07.13 05:23:49.201,0.36223,0.36269,0.05,0.04
2011.07.13 05:23:50.172,0.36223,0.36269,0.05,0.04
2011.07.13 05:23:54.312,0.36225,0.36269,0.05,0.04
2011.07.13 05:23:55.499,0.36223,0.36269,0.05,0.04
2011.07.13 05:23:56.472,0.36224,0.3627,0.05,0.04
2011.07.13 05:23:57.272,0.36223,0.36269,0.05,0.04
2011.07.13 05:23:58.105,0.36223,0.36269,0.05,0.04
2011.07.13 05:23:59.480,0.36223,0.36269,0.05,0.04
2011.07.13 05:24:00.739,0.36224,0.36268,0.05,0.04
2011.07.13 05:24:01.569,0.36223,0.36267,0.05,0.06
2011.07.13 05:24:01.679,0.36223,0.36267,0.05,0.06
2011.07.13 05:24:03.210,0.36223,0.36266,0.05,0.02
2011.07.13 05:24:08.530,0.36218,0.36262,0.05,0.04
2011.07.13 05:24:08.639,0.36218,0.36262,0.05,0.04
2011.07.13 05:24:08.770,0.36218,0.36262,0.05,0.04
2011.07.13 05:24:09.648,0.36215,0.36259,0.05,0.04
2011.07.13 05:24:09.759,0.36215,0.36259,0.05,0.04
2011.07.13 05:24:13.239,0.36212,0.36256,0.05,0.02
2011.07.13 05:24:21.219,0.36212,0.36256,0.05,0.02
2011.07.13 05:24:21.328,0.3621,0.36254,0.05,0.04
2011.07.13 05:24:23.122,0.36208,0.36252,0.05,0.04
2011.07.13 05:24:23.229,0.36208,0.36252,0.05,0.04
2011.07.13 05:24:24.029,0.36208,0.36246,0.05,0.02
2011.07.13 05:24:24.641,0.36204,0.36246,0.06,0.02
2011.07.13 05:24:25.759,0.36204,0.36247,0.05,0.02
2011.07.13 05:24:26.987,0.36204,0.36246,0.05,0.02
2011.07.13 05:24:27.099,0.362,0.36244,0.05,0.04
2011.07.13 05:24:27.209,0.36198,0.36242,0.05,0.04
2011.07.13 05:24:27.550,0.36195,0.36239,0.05,0.04
2011.07.13 05:24:27.659,0.36195,0.36239,0.05,0.04
2011.07.13 05:24:28.718,0.36197,0.36241,0.05,0.04
2011.07.13 05:24:28.829,0.36197,0.36241,0.05,0.04
2011.07.13 05:24:29.053,0.36197,0.36243,0.05,0.04
2011.07.13 05:24:34.559,0.362,0.36244,0.05,0.09
2011.07.13 05:24:34.669,0.36198,0.36242,0.05,0.04
2011.07.13 05:24:34.999,0.36199,0.36243,0.05,0.04
2011.07.13 05:24:35.802,0.362,0.36244,0.05,0.04
2011.07.13 05:24:36.472,0.362,0.36244,0.05,0.04
2011.07.13 05:24:37.640,0.362,0.36244,0.05,0.04
2011.07.13 05:24:38.078,0.36198,0.36242,0.05,0.04
2011.07.13 05:24:38.536,0.36198,0.36242,0.05,0.04
2011.07.13 05:24:38.898,0.36199,0.36245,0.05,0.08
2011.07.13 05:24:39.009,0.36198,0.36242,0.05,0.04
2011.07.13 05:24:41.089,0.36198,0.36244,0.05,0.04
2011.07.13 05:24:42.140,0.36198,0.36244,0.05,0.04
2011.07.13 05:24:42.413,0.36198,0.36244,0.05,0.04
2011.07.13 05:24:42.629,0.36198,0.36244,0.05,0.04
2011.07.13 05:24:45.220,0.36198,0.36244,0.05,0.04
2011.07.13 05:24:45.619,0.36198,0.36242,0.05,0.04
2011.07.13 05:24:47.144,0.36198,0.36242,0.05,0.04
2011.07.13 05:24:50.850,0.36198,0.36244,0.05,0.08
2011.07.13 05:24:50.958,0.36198,0.36244,0.05,0.09
2011.07.13 05:24:51.408,0.36198,0.36242,0.05,0.04
2011.07.13 05:24:52.198,0.36198,0.36242,0.05,0.04
2011.07.13 05:24:52.990,0.36198,0.36242,0.05,0.04
2011.07.13 05:24:53.664,0.36197,0.36243,0.05,0.04
2011.07.13 05:24:55.129,0.36198,0.36242,0.05,0.04
2011.07.13 05:24:55.772,0.36198,0.36242,0.05,0.04
2011.07.13 05:25:04.138,0.36199,0.36243,0.05,0.04
2011.07.13 05:25:04.249,0.36199,0.36243,0.05,0.04
2011.07.13 05:25:04.623,0.36199,0.36245,0.05,0.04
2011.07.13 05:25:05.170,0.36199,0.36245,0.05,0.04
2011.07.13 05:25:07.191,0.36199,0.36245,0.05,0.04
2011.07.13 05:25:12.549,0.36199,0.36245,0.05,0.04
2011.07.13 05:25:12.659,0.36203,0.36247,0.05,0.04
2011.07.13 05:25:13.189,0.36204,0.3625,0.05,0.08
2011.07.13 05:25:13.702,0.36202,0.36248,0.05,0.04
2011.07.13 05:25:23.417,0.36202,0.36247,0.05,0.02
2011.07.13 05:25:24.579,0.36199,0.36245,0.05,0.04
2011.07.13 05:25:24.689,0.36198,0.36244,0.05,0.04
2011.07.13 05:25:26.138,0.36197,0.36243,0.05,0.04
2011.07.13 05:25:26.248,0.36197,0.36243,0.05,0.04
2011.07.13 05:25:31.839,0.36194,0.36237,0.03,0.04
2011.07.13 05:25:31.950,0.36194,0.3624,0.05,0.04
2011.07.13 05:25:32.279,0.36194,0.36238,0.05,0.04
2011.07.13 05:25:33.508,0.36199,0.36241,0.04,0.04
2011.07.13 05:25:33.619,0.36199,0.36241,0.05,0.04
2011.07.13 05:25:33.729,0.36202,0.36241,0.05,0.04
2011.07.13 05:25:33.839,0.36202,0.36241,0.05,0.04
2011.07.13 05:25:33.949,0.362,0.36244,0.05,0.04
2011.07.13 05:25:34.960,0.36202,0.36246,0.05,0.04
2011.07.13 05:25:47.979,0.36204,0.36245,0.02,0.04
2011.07.13 05:25:53.653,0.36199,0.36245,0.05,0.04
2011.07.13 05:25:55.478,0.36204,0.36245,0.02,0.04
2011.07.13 05:25:56.625,0.36199,0.36245,0.05,0.04
2011.07.13 05:26:01.469,0.36199,0.36245,0.05,0.04
2011.07.13 05:26:07.542,0.36203,0.36247,0.05,0.06
2011.07.13 05:26:07.926,0.36203,0.36247,0.05,0.04
2011.07.13 05:26:09.262,0.36203,0.36249,0.05,0.04
2011.07.13 05:26:12.261,0.36203,0.36249,0.05,0.04
2011.07.13 05:26:14.198,0.36204,0.36248,0.06,0.04
2011.07.13 05:26:16.169,0.36205,0.36249,0.05,0.04
2011.07.13 05:26:16.780,0.36204,0.36248,0.05,0.04
2011.07.13 05:26:17.122,0.36208,0.36252,0.05,0.08
2011.07.13 05:26:17.642,0.36208,0.36252,0.05,0.04
2011.07.13 05:26:18.747,0.36208,0.36254,0.05,0.09
2011.07.13 05:26:18.969,0.36208,0.36254,0.05,0.08
2011.07.13 05:26:20.229,0.36208,0.36254,0.05,0.04
2011.07.13 05:26:20.560,0.36208,0.36252,0.05,0.04
2011.07.13 05:26:24.079,0.36209,0.36254,0.05,0.05
2011.07.13 05:26:24.802,0.36207,0.36253,0.05,0.04
2011.07.13 05:26:26.510,0.36209,0.36254,0.05,0.04
2011.07.13 05:26:28.095,0.36207,0.36253,0.05,0.04
2011.07.13 05:26:30.140,0.36209,0.36255,0.05,0.04
2011.07.13 05:26:31.259,0.36209,0.36255,0.05,0.04
2011.07.13 05:26:31.599,0.36213,0.36256,0.05,0.04
2011.07.13 05:26:32.166,0.36213,0.36257,0.05,0.06
2011.07.13 05:26:32.500,0.36209,0.36255,0.05,0.04
2011.07.13 05:26:33.133,0.36209,0.36255,0.05,0.04
2011.07.13 05:26:33.348,0.36212,0.36257,0.05,0.06
2011.07.13 05:26:33.458,0.36212,0.36257,0.05,0.06
2011.07.13 05:26:43.089,0.36212,0.36256,0.05,0.02
2011.07.13 05:27:09.520,0.36209,0.36255,0.05,0.04
2011.07.13 05:27:09.629,0.36209,0.36255,0.05,0.04
2011.07.13 05:27:09.740,0.36208,0.36252,0.05,0.04
2011.07.13 05:27:10.290,0.36204,0.3625,0.05,0.04
2011.07.13 05:27:14.171,0.36204,0.3625,0.05,0.04
2011.07.13 05:27:15.739,0.36204,0.3625,0.05,0.04
2011.07.13 05:27:16.103,0.36204,0.36248,0.05,0.04
2011.07.13 05:27:25.309,0.36204,0.36247,0.05,0.02
2011.07.13 05:27:25.420,0.36202,0.36247,0.05,0.02
2011.07.13 05:27:34.149,0.36204,0.36248,0.05,0.04
2011.07.13 05:27:34.286,0.36204,0.36248,0.05,0.04
2011.07.13 05:27:36.141,0.36204,0.3625,0.05,0.04
2011.07.13 05:27:36.709,0.36204,0.36249,0.05,0.04
2011.07.13 05:27:38.010,0.36202,0.36248,0.05,0.04
2011.07.13 05:27:38.574,0.36205,0.36249,0.05,0.04
2011.07.13 05:27:39.019,0.36205,0.36246,0.05,0.02
2011.07.13 05:27:44.059,0.36203,0.36246,0.05,0.02
2011.07.13 05:27:45.560,0.36203,0.36249,0.05,0.04
2011.07.13 05:27:46.779,0.36205,0.36247,0.05,0.02
2011.07.13 05:27:47.249,0.36205,0.36249,0.05,0.04
2011.07.13 05:27:48.999,0.36202,0.36248,0.05,0.04
2011.07.13 05:27:49.110,0.36202,0.36247,0.05,0.02
2011.07.13 05:27:58.879,0.36214,0.36247,0.04,0.02
2011.07.13 05:27:58.989,0.36208,0.3625,0.05,0.04
2011.07.13 05:27:59.100,0.36203,0.36247,0.05,0.04
2011.07.13 05:27:59.539,0.36203,0.36247,0.05,0.04
2011.07.13 05:27:59.649,0.36207,0.3625,0.05,0.04
2011.07.13 05:28:00.182,0.36208,0.36252,0.05,0.08
2011.07.13 05:28:00.289,0.36208,0.36252,0.05,0.08
2011.07.13 05:28:10.149,0.36208,0.36252,0.05,0.04
2011.07.13 05:28:11.980,0.36208,0.36252,0.05,0.04
2011.07.13 05:28:18.448,0.3621,0.36254,0.05,0.05
2011.07.13 05:28:18.777,0.36212,0.36255,0.05,0.04
2011.07.13 05:28:19.325,0.36208,0.36252,0.05,0.04
2011.07.13 05:28:19.436,0.36208,0.36252,0.05,0.04
2011.07.13 05:28:19.904,0.36209,0.36255,0.05,0.08
2011.07.13 05:28:20.127,0.36213,0.36255,0.05,0.05
2011.07.13 05:28:20.769,0.36213,0.36256,0.05,0.03
2011.07.13 05:28:22.227,0.36213,0.36256,0.05,0.02
2011.07.13 05:28:24.877,0.36213,0.36257,0.05,0.04
2011.07.13 05:28:28.269,0.36213,0.36256,0.05,0.02
2011.07.13 05:28:29.526,0.36214,0.36256,0.05,0.02
2011.07.13 05:28:30.878,0.3621,0.36254,0.05,0.04
2011.07.13 05:28:30.986,0.3621,0.36254,0.05,0.04
2011.07.13 05:28:31.457,0.3621,0.36254,0.05,0.05
2011.07.13 05:28:31.568,0.36208,0.36252,0.05,0.04
2011.07.13 05:28:44.276,0.36208,0.36252,0.05,0.04
2011.07.13 05:28:44.707,0.36208,0.36252,0.05,0.04
2011.07.13 05:28:49.488,0.36208,0.36252,0.05,0.04
2011.07.13 05:28:54.126,0.36204,0.36248,0.06,0.04
2011.07.13 05:28:54.236,0.36204,0.36248,0.06,0.04
2011.07.13 05:28:58.937,0.36202,0.36247,0.05,0.02
2011.07.13 05:29:00.756,0.36204,0.36248,0.05,0.04
2011.07.13 05:29:04.176,0.3621,0.36251,0.04,0.05
2011.07.13 05:29:04.559,0.3621,0.36251,0.05,0.04
2011.07.13 05:29:05.486,0.3621,0.36251,0.05,0.04
2011.07.13 05:29:05.996,0.3621,0.36254,0.05,0.04
2011.07.13 05:29:06.559,0.3621,0.36252,0.05,0.04
2011.07.13 05:29:07.136,0.3621,0.36251,0.05,0.04
2011.07.13 05:29:07.676,0.3621,0.36254,0.05,0.08
2011.07.13 05:29:09.506,0.3621,0.36254,0.05,0.08
2011.07.13 05:29:13.337,0.3621,0.36254,0.05,0.04
2011.07.13 05:29:14.426,0.3621,0.36254,0.05,0.04
2011.07.13 05:29:26.197,0.3621,0.36251,0.05,0.04
2011.07.13 05:29:27.106,0.3621,0.36251,0.05,0.04
2011.07.13 05:29:33.846,0.3621,0.36251,0.05,0.04
2011.07.13 05:29:36.127,0.3621,0.36251,0.05,0.04
2011.07.13 05:29:36.840,0.3621,0.36246,0.05,0.02
2011.07.13 05:29:36.948,0.3621,0.36246,0.04,0.02
2011.07.13 05:29:37.058,0.36204,0.36246,0.06,0.02
2011.07.13 05:29:39.158,0.36202,0.36246,0.05,0.03
2011.07.13 05:29:46.826,0.362,0.36244,0.05,0.04
2011.07.13 05:29:47.106,0.362,0.36244,0.05,0.04
2011.07.13 05:29:51.816,0.362,0.36244,0.05,0.04
2011.07.13 05:29:53.661,0.362,0.36236,0.05,0.02
2011.07.13 05:29:54.727,0.36202,0.36246,0.05,0.04
2011.07.13 05:29:55.577,0.362,0.36244,0.05,0.04
2011.07.13 05:29:55.686,0.362,0.36237,0.05,0.02
2011.07.13 05:29:56.396,0.362,0.36244,0.05,0.04
2011.07.13 05:29:58.546,0.362,0.36237,0.05,0.02
2011.07.13 05:29:58.767,0.36192,0.36237,0.05,0.02
2011.07.13 05:29:59.316,0.36192,0.36237,0.05,0.02
2011.07.13 05:30:02.348,0.36194,0.36236,0.03,0.02
2011.07.13 05:30:02.897,0.36192,0.36237,0.05,0.02
2011.07.13 05:30:04.277,0.36193,0.36236,0.05,0.02
2011.07.13 05:30:09.234,0.36193,0.36237,0.06,0.06
2011.07.13 05:30:13.637,0.36194,0.36236,0.03,0.02
2011.07.13 05:30:17.903,0.36194,0.36237,0.03,0.04
2011.07.13 05:30:18.018,0.36198,0.36239,0.05,0.04
2011.07.13 05:30:18.126,0.36198,0.36244,0.05,0.04
2011.07.13 05:30:31.186,0.36199,0.36245,0.05,0.05
2011.07.13 05:30:33.227,0.36199,0.36243,0.05,0.04
2011.07.13 05:30:46.146,0.36199,0.36245,0.05,0.05
2011.07.13 05:30:46.366,0.36197,0.36243,0.05,0.04
2011.07.13 05:30:47.980,0.36198,0.36244,0.05,0.04
2011.07.13 05:30:48.198,0.362,0.36244,0.05,0.04
2011.07.13 05:30:50.306,0.36199,0.36245,0.05,0.04
2011.07.13 05:30:50.673,0.36194,0.36236,0.05,0.02
2011.07.13 05:31:00.699,0.36193,0.36237,0.03,0.02
2011.07.13 05:31:05.102,0.36193,0.36237,0.03,0.02
2011.07.13 05:31:05.537,0.36197,0.36242,0.05,0.05
2011.07.13 05:31:05.646,0.36197,0.36242,0.05,0.04
2011.07.13 05:31:06.209,0.36197,0.36243,0.05,0.04
2011.07.13 05:31:07.377,0.36194,0.3624,0.06,0.04
2011.07.13 05:31:07.907,0.36194,0.3624,0.05,0.04
2011.07.13 05:31:09.165,0.36194,0.3624,0.05,0.04
2011.07.13 05:31:10.476,0.36194,0.36237,0.05,0.02
2011.07.13 05:31:10.696,0.36194,0.36237,0.05,0.02
2011.07.13 05:31:10.917,0.36194,0.36237,0.05,0.02
2011.07.13 05:31:11.027,0.36198,0.36239,0.05,0.04
2011.07.13 05:31:11.137,0.36198,0.36241,0.05,0.04
2011.07.13 05:31:11.652,0.36195,0.36239,0.05,0.04
2011.07.13 05:31:11.756,0.36195,0.36239,0.05,0.04
2011.07.13 05:31:13.197,0.36195,0.36239,0.05,0.04
2011.07.13 05:31:13.992,0.36193,0.36237,0.06,0.04
2011.07.13 05:31:14.096,0.36193,0.36237,0.06,0.04
2011.07.13 05:31:14.436,0.36197,0.36242,0.04,0.05
2011.07.13 05:31:14.656,0.36197,0.36242,0.05,0.04
2011.07.13 05:31:15.445,0.36197,0.36243,0.05,0.05
2011.07.13 05:31:25.126,0.36198,0.36244,0.05,0.08
2011.07.13 05:31:30.403,0.36197,0.36243,0.05,0.04
2011.07.13 05:31:30.517,0.36197,0.36243,0.05,0.04
2011.07.13 05:31:32.366,0.36199,0.36243,0.05,0.04
2011.07.13 05:31:34.206,0.36199,0.36243,0.05,0.04
2011.07.13 05:31:34.426,0.36197,0.36243,0.05,0.04
2011.07.13 05:31:39.106,0.36199,0.36243,0.05,0.04
2011.07.13 05:31:39.734,0.36199,0.36243,0.05,0.04
2011.07.13 05:31:41.768,0.36198,0.36242,0.05,0.04
2011.07.13 05:31:54.266,0.36194,0.3624,0.05,0.04
2011.07.13 05:31:54.377,0.36193,0.36237,0.05,0.06
2011.07.13 05:31:55.040,0.36193,0.36237,0.05,0.06
2011.07.13 05:32:11.429,0.36194,0.36236,0.03,0.02
2011.07.13 05:32:13.609,0.36194,0.36236,0.03,0.02
2011.07.13 05:32:13.828,0.36197,0.3624,0.05,0.05
2011.07.13 05:32:13.937,0.362,0.3624,0.05,0.04
2011.07.13 05:32:14.157,0.362,0.36244,0.05,0.08
2011.07.13 05:32:17.209,0.362,0.36244,0.05,0.04
2011.07.13 05:32:18.917,0.36198,0.36242,0.05,0.04
2011.07.13 05:32:19.437,0.36198,0.36242,0.05,0.04
2011.07.13 05:32:20.757,0.36199,0.36244,0.05,0.04
2011.07.13 05:32:21.118,0.36203,0.36247,0.05,0.10
2011.07.13 05:32:22.078,0.36203,0.36246,0.05,0.03
2011.07.13 05:32:27.327,0.36203,0.36246,0.05,0.02
2011.07.13 05:32:33.359,0.36204,0.3625,0.05,0.08
2011.07.13 05:32:33.687,0.36207,0.3625,0.05,0.04
2011.07.13 05:32:35.216,0.36207,0.36253,0.05,0.04
2011.07.13 05:32:37.186,0.36207,0.36253,0.05,0.04
2011.07.13 05:32:37.304,0.36207,0.36253,0.05,0.04
2011.07.13 05:32:42.118,0.36207,0.36253,0.05,0.04
2011.07.13 05:32:42.227,0.36207,0.36253,0.05,0.04
2011.07.13 05:32:43.017,0.36204,0.3625,0.06,0.04
2011.07.13 05:32:43.127,0.36204,0.3625,0.06,0.04
2011.07.13 05:32:43.496,0.3621,0.36254,0.05,0.04
2011.07.13 05:32:43.717,0.36212,0.36252,0.05,0.04
2011.07.13 05:32:44.199,0.36212,0.36256,0.05,0.03
2011.07.13 05:32:45.148,0.36212,0.36256,0.05,0.02
2011.07.13 05:32:46.056,0.36212,0.36258,0.05,0.04
2011.07.13 05:32:52.015,0.36212,0.36256,0.05,0.02
2011.07.13 05:32:52.710,0.36212,0.36257,0.05,0.02
2011.07.13 05:32:53.379,0.36214,0.3626,0.05,0.09
2011.07.13 05:32:53.729,0.36214,0.3626,0.05,0.08
2011.07.13 05:32:54.317,0.36214,0.36256,0.05,0.02
2011.07.13 05:32:57.177,0.36214,0.3626,0.05,0.04
2011.07.13 05:32:59.247,0.36214,0.36256,0.05,0.02
2011.07.13 05:33:10.407,0.36214,0.36257,0.05,0.02
2011.07.13 05:33:24.388,0.36213,0.36256,0.05,0.02
2011.07.13 05:33:28.163,0.36213,0.36256,0.05,0.03
2011.07.13 05:33:28.648,0.3621,0.36254,0.05,0.04
2011.07.13 05:33:33.937,0.36213,0.36257,0.05,0.10
2011.07.13 05:33:37.733,0.36213,0.36257,0.05,0.06
2011.07.13 05:34:05.127,0.36215,0.36257,0.05,0.02
2011.07.13 05:34:12.333,0.36215,0.36259,0.05,0.04
2011.07.13 05:34:15.469,0.36214,0.36258,0.03,0.04
2011.07.13 05:34:15.577,0.36214,0.36258,0.03,0.04
2011.07.13 05:34:16.208,0.36212,0.36257,0.05,0.04
2011.07.13 05:34:17.027,0.36212,0.36256,0.05,0.02
2011.07.13 05:34:20.617,0.36212,0.36256,0.05,0.02
2011.07.13 05:34:20.947,0.36212,0.36254,0.05,0.04
2011.07.13 05:34:32.092,0.36212,0.36257,0.05,0.04
2011.07.13 05:34:32.427,0.36212,0.36255,0.05,0.04
2011.07.13 05:34:33.088,0.36212,0.36255,0.05,0.04
2011.07.13 05:34:34.437,0.36212,0.36257,0.05,0.04
2011.07.13 05:34:34.810,0.36212,0.36254,0.05,0.04
2011.07.13 05:34:35.510,0.36212,0.36256,0.05,0.04
2011.07.13 05:34:36.027,0.36212,0.36254,0.05,0.04
2011.07.13 05:34:38.767,0.36212,0.36254,0.05,0.04
2011.07.13 05:34:40.180,0.36212,0.36257,0.05,0.04
2011.07.13 05:34:41.847,0.36213,0.36257,0.03,0.04
2011.07.13 05:34:42.350,0.36212,0.36258,0.05,0.04
2011.07.13 05:34:43.020,0.36212,0.36257,0.05,0.04
2011.07.13 05:34:44.167,0.36212,0.36257,0.05,0.04
2011.07.13 05:34:46.827,0.36212,0.36257,0.05,0.04
2011.07.13 05:34:47.390,0.36212,0.36258,0.05,0.04
2011.07.13 05:34:56.237,0.36214,0.3626,0.05,0.08
2011.07.13 05:34:57.617,0.36217,0.36261,0.05,0.04
2011.07.13 05:34:57.837,0.36217,0.36261,0.05,0.04
2011.07.13 05:34:58.200,0.36217,0.36263,0.05,0.04
2011.07.13 05:34:58.947,0.36222,0.36265,0.05,0.04
2011.07.13 05:34:59.498,0.36222,0.36266,0.05,0.02
2011.07.13 05:35:00.010,0.36222,0.36266,0.05,0.02
2011.07.13 05:35:00.777,0.36223,0.36267,0.03,0.02
2011.07.13 05:35:01.350,0.36222,0.36266,0.05,0.02
2011.07.13 05:35:02.669,0.36223,0.36267,0.03,0.02
2011.07.13 05:35:03.667,0.36224,0.36267,0.05,0.02
2011.07.13 05:35:03.997,0.36228,0.3627,0.05,0.04
2011.07.13 05:35:04.107,0.36228,0.36272,0.05,0.08
2011.07.13 05:35:04.977,0.3623,0.36274,0.05,0.05
2011.07.13 05:35:05.196,0.3623,0.36274,0.05,0.04
2011.07.13 05:35:06.529,0.36234,0.36274,0.02,0.04
2011.07.13 05:35:06.857,0.36228,0.36272,0.05,0.04
2011.07.13 05:35:07.200,0.36234,0.36272,0.02,0.04
2011.07.13 05:35:07.307,0.36234,0.36275,0.02,0.04
2011.07.13 05:35:09.757,0.36233,0.36275,0.03,0.04
2011.07.13 05:35:10.287,0.36234,0.36276,0.05,0.04
2011.07.13 05:35:10.846,0.36233,0.36277,0.03,0.02
2011.07.13 05:35:11.868,0.36243,0.3628,0.05,0.04
2011.07.13 05:35:11.978,0.36243,0.36287,0.05,0.06
2011.07.13 05:35:12.542,0.36245,0.36286,0.05,0.02
2011.07.13 05:35:13.087,0.36242,0.36287,0.05,0.02
2011.07.13 05:35:13.723,0.3624,0.36284,0.05,0.04
2011.07.13 05:35:13.937,0.3624,0.36284,0.05,0.04
2011.07.13 05:35:20.658,0.36242,0.36286,0.05,0.06
2011.07.13 05:35:22.161,0.36242,0.36286,0.05,0.02
2011.07.13 05:35:34.473,0.36242,0.36287,0.05,0.02
2011.07.13 05:35:37.976,0.36242,0.36286,0.05,0.04
2011.07.13 05:35:41.927,0.36245,0.36287,0.05,0.02
2011.07.13 05:35:42.258,0.36247,0.36287,0.05,0.02
2011.07.13 05:35:49.267,0.36247,0.36286,0.05,0.02
2011.07.13 05:35:50.387,0.36254,0.36286,0.02,0.02
2011.07.13 05:35:50.938,0.36253,0.36296,0.03,0.04
2011.07.13 05:35:51.487,0.36252,0.36297,0.05,0.02
2011.07.13 05:35:53.067,0.36254,0.36296,0.03,0.02
2011.07.13 05:35:53.631,0.36255,0.36296,0.05,0.02
2011.07.13 05:35:55.926,0.36255,0.36297,0.05,0.02
2011.07.13 05:35:56.488,0.36255,0.36296,0.05,0.02
2011.07.13 05:35:59.761,0.36255,0.36296,0.05,0.02
2011.07.13 05:36:08.024,0.36254,0.36295,0.03,0.04
2011.07.13 05:36:08.247,0.36254,0.36295,0.03,0.04
2011.07.13 05:36:10.518,0.36249,0.36295,0.05,0.04
2011.07.13 05:36:10.777,0.36248,0.36292,0.05,0.04
2011.07.13 05:36:11.057,0.36245,0.36289,0.05,0.04
2011.07.13 05:36:11.639,0.36245,0.36289,0.05,0.04
2011.07.13 05:36:11.857,0.36248,0.36291,0.05,0.05
2011.07.13 05:36:12.411,0.36248,0.36292,0.05,0.04
2011.07.13 05:36:13.177,0.36248,0.36292,0.05,0.04
2011.07.13 05:36:13.959,0.36248,0.36292,0.05,0.04
2011.07.13 05:36:24.922,0.36248,0.36292,0.05,0.04
2011.07.13 05:36:25.029,0.36248,0.36287,0.05,0.02
2011.07.13 05:36:25.247,0.36243,0.36287,0.07,0.06
2011.07.13 05:36:25.795,0.36244,0.36287,0.05,0.02
2011.07.13 05:36:26.416,0.36244,0.36286,0.05,0.02
2011.07.13 05:36:27.130,0.36244,0.36287,0.05,0.02
2011.07.13 05:36:27.348,0.36248,0.36292,0.05,0.08
2011.07.13 05:36:27.938,0.3624,0.36284,0.06,0.04
2011.07.13 05:36:28.114,0.3624,0.36284,0.05,0.04
2011.07.13 05:36:28.897,0.36243,0.36287,0.05,0.10
2011.07.13 05:36:29.450,0.36243,0.36287,0.05,0.06
2011.07.13 05:36:31.227,0.36243,0.36287,0.05,0.06
2011.07.13 05:36:37.965,0.36243,0.36286,0.05,0.02
2011.07.13 05:36:38.509,0.36248,0.36286,0.04,0.02
2011.07.13 05:36:38.837,0.36248,0.36289,0.05,0.04
2011.07.13 05:36:38.947,0.36248,0.36292,0.05,0.04
2011.07.13 05:36:45.858,0.36244,0.3629,0.05,0.04
2011.07.13 05:36:46.349,0.36244,0.36287,0.05,0.02
2011.07.13 05:37:02.548,0.36244,0.36286,0.05,0.02
2011.07.13 05:37:02.767,0.3624,0.36284,0.05,0.05
2011.07.13 05:37:03.047,0.3624,0.36284,0.05,0.04
2011.07.13 05:37:04.857,0.36237,0.36283,0.05,0.04
2011.07.13 05:37:05.719,0.36234,0.3628,0.05,0.04
2011.07.13 05:37:06.047,0.36234,0.36276,0.07,0.02
2011.07.13 05:37:07.210,0.36234,0.36276,0.07,0.02
2011.07.13 05:37:07.717,0.36234,0.36277,0.05,0.02
2011.07.13 05:37:08.389,0.36232,0.36277,0.05,0.02
2011.07.13 05:37:09.648,0.36234,0.36277,0.05,0.02
2011.07.13 05:37:10.447,0.36232,0.36277,0.05,0.03
2011.07.13 05:37:10.564,0.36232,0.36277,0.05,0.02
2011.07.13 05:37:11.550,0.36235,0.36277,0.05,0.02
2011.07.13 05:37:11.657,0.36235,0.36279,0.05,0.08
2011.07.13 05:37:15.868,0.36232,0.36278,0.05,0.04
2011.07.13 05:37:15.977,0.36232,0.36278,0.05,0.04
2011.07.13 05:37:16.087,0.36232,0.36276,0.05,0.02
2011.07.13 05:37:17.797,0.36234,0.3628,0.05,0.08
2011.07.13 05:37:17.908,0.36233,0.36276,0.05,0.02
2011.07.13 05:37:18.168,0.36233,0.36276,0.05,0.02
2011.07.13 05:37:18.917,0.36234,0.3628,0.05,0.08
2011.07.13 05:37:19.538,0.36232,0.36276,0.05,0.02
2011.07.13 05:37:21.170,0.36232,0.36276,0.05,0.02
2011.07.13 05:37:24.283,0.36233,0.36277,0.03,0.02
2011.07.13 05:37:24.828,0.36235,0.36277,0.05,0.02
2011.07.13 05:37:25.158,0.36235,0.36279,0.05,0.04
2011.07.13 05:37:25.267,0.36237,0.36282,0.05,0.04
2011.07.13 05:37:26.128,0.36237,0.36283,0.05,0.04
2011.07.13 05:37:27.778,0.36237,0.36283,0.05,0.05
2011.07.13 05:37:27.887,0.36233,0.36279,0.05,0.04
2011.07.13 05:37:29.287,0.36234,0.3628,0.05,0.04
2011.07.13 05:37:31.177,0.36233,0.36279,0.05,0.04
2011.07.13 05:37:32.699,0.36233,0.36279,0.05,0.04
2011.07.13 05:37:32.917,0.36238,0.36281,0.05,0.04
2011.07.13 05:37:33.610,0.36234,0.3628,0.05,0.04
2011.07.13 05:37:36.280,0.36234,0.3628,0.05,0.04
2011.07.13 05:37:36.941,0.36234,0.3628,0.07,0.04
2011.07.13 05:37:43.067,0.36234,0.36277,0.05,0.02
2011.07.13 05:37:43.577,0.36233,0.36277,0.05,0.06
2011.07.13 05:37:44.936,0.36227,0.36269,0.03,0.04
2011.07.13 05:37:45.048,0.3623,0.36274,0.05,0.04
2011.07.13 05:37:45.158,0.36233,0.36276,0.05,0.02
2011.07.13 05:37:46.150,0.36233,0.36276,0.05,0.02
2011.07.13 05:37:48.245,0.3623,0.36274,0.05,0.04
2011.07.13 05:37:49.108,0.36233,0.36276,0.05,0.06
2011.07.13 05:37:50.608,0.36233,0.36279,0.05,0.04
2011.07.13 05:37:58.303,0.36216,0.36247,0.05,0.04
2011.07.13 05:37:58.518,0.36229,0.36272,0.03,0.04
2011.07.13 05:37:58.627,0.36228,0.36272,0.05,0.04
2011.07.13 05:37:59.156,0.36226,0.36269,0.03,0.04
2011.07.13 05:37:59.378,0.36225,0.36269,0.05,0.04
2011.07.13 05:38:11.508,0.36224,0.3627,0.05,0.05
2011.07.13 05:38:11.617,0.36223,0.36267,0.05,0.04
2011.07.13 05:38:12.400,0.36223,0.36267,0.05,0.04
2011.07.13 05:38:14.267,0.36224,0.36269,0.05,0.05
2011.07.13 05:38:14.378,0.36223,0.36267,0.05,0.04
2011.07.13 05:38:14.708,0.36224,0.36269,0.05,0.04
2011.07.13 05:38:14.817,0.36224,0.36269,0.05,0.04
2011.07.13 05:38:15.371,0.36224,0.3627,0.05,0.04
2011.07.13 05:38:25.328,0.36224,0.36267,0.05,0.02
2011.07.13 05:38:25.547,0.36228,0.36272,0.05,0.08
2011.07.13 05:38:27.698,0.36225,0.36269,0.05,0.04
2011.07.13 05:38:28.928,0.36227,0.36272,0.05,0.04
2011.07.13 05:38:29.477,0.36227,0.36273,0.05,0.05
2011.07.13 05:38:29.727,0.36225,0.36269,0.05,0.04
2011.07.13 05:38:30.388,0.36225,0.36269,0.05,0.04
2011.07.13 05:38:35.138,0.36225,0.36269,0.05,0.04
2011.07.13 05:38:35.738,0.36225,0.36269,0.05,0.04
2011.07.13 05:39:04.207,0.36222,0.36268,0.05,0.04
2011.07.13 05:39:05.570,0.36222,0.36268,0.05,0.04
2011.07.13 05:39:06.170,0.36222,0.36268,0.05,0.04
2011.07.13 05:39:09.930,0.36222,0.36267,0.05,0.02
2011.07.13 05:39:11.360,0.36222,0.36268,0.05,0.04
2011.07.13 05:39:13.587,0.36223,0.36269,0.05,0.08
2011.07.13 05:39:14.150,0.36224,0.3627,0.05,0.04
2011.07.13 05:39:22.128,0.36224,0.36268,0.05,0.04
2011.07.13 05:39:23.687,0.36225,0.36269,0.05,0.04
2011.07.13 05:39:25.342,0.36224,0.3627,0.05,0.04
2011.07.13 05:39:26.127,0.36222,0.36268,0.05,0.04
2011.07.13 05:39:26.347,0.36222,0.36268,0.05,0.04
2011.07.13 05:39:27.147,0.36222,0.36268,0.05,0.04
2011.07.13 05:39:28.370,0.36222,0.36268,0.05,0.04
2011.07.13 05:39:29.070,0.36225,0.36269,0.05,0.04
2011.07.13 05:39:36.628,0.36224,0.3627,0.05,0.05
2011.07.13 05:39:37.389,0.36224,0.3627,0.05,0.04
2011.07.13 05:39:38.072,0.36224,0.3627,0.05,0.04
2011.07.13 05:39:42.120,0.36223,0.36267,0.07,0.04
2011.07.13 05:39:42.230,0.36223,0.36267,0.05,0.04
2011.07.13 05:39:57.583,0.36219,0.36265,0.05,0.04
2011.07.13 05:39:57.913,0.36225,0.36269,0.05,0.05
2011.07.13 05:39:58.450,0.36225,0.36269,0.05,0.04
2011.07.13 05:40:09.248,0.36222,0.36268,0.05,0.05
2011.07.13 05:40:10.062,0.36222,0.36268,0.05,0.05
2011.07.13 05:40:11.148,0.36222,0.36268,0.05,0.05
2011.07.13 05:40:16.889,0.36224,0.36269,0.05,0.04
2011.07.13 05:40:17.609,0.36224,0.3627,0.05,0.04
2011.07.13 05:40:24.527,0.36224,0.36267,0.05,0.02
2011.07.13 05:40:24.637,0.36223,0.36267,0.05,0.06
2011.07.13 05:40:33.165,0.36223,0.36267,0.07,0.06
2011.07.13 05:40:33.498,0.36219,0.36265,0.05,0.04
2011.07.13 05:40:34.321,0.36219,0.36265,0.05,0.04
2011.07.13 05:40:35.167,0.36219,0.36265,0.05,0.04
2011.07.13 05:40:35.638,0.36219,0.36265,0.05,0.04
2011.07.13 05:40:35.967,0.36218,0.36262,0.05,0.04
2011.07.13 05:40:36.078,0.36218,0.36262,0.05,0.04
2011.07.13 05:40:39.757,0.36223,0.36264,0.04,0.04
2011.07.13 05:40:39.869,0.36223,0.36264,0.05,0.04
2011.07.13 05:40:40.307,0.36224,0.36266,0.03,0.02
2011.07.13 05:40:41.119,0.36223,0.36267,0.05,0.06
2011.07.13 05:40:42.228,0.36223,0.36267,0.07,0.06
2011.07.13 05:40:50.169,0.36224,0.3627,0.07,0.08
2011.07.13 05:40:54.168,0.36228,0.36271,0.05,0.04
2011.07.13 05:40:54.847,0.36228,0.36272,0.05,0.04
2011.07.13 05:40:55.400,0.36228,0.36272,0.06,0.04
2011.07.13 05:40:55.508,0.36234,0.36275,0.05,0.04
2011.07.13 05:40:56.057,0.36234,0.36275,0.05,0.04
2011.07.13 05:40:56.548,0.36234,0.36278,0.05,0.04
2011.07.13 05:40:57.378,0.36235,0.36279,0.05,0.04
2011.07.13 05:40:58.859,0.36235,0.36276,0.05,0.02
2011.07.13 05:41:00.248,0.36232,0.36276,0.05,0.02
2011.07.13 05:41:04.509,0.36232,0.36276,0.05,0.02
2011.07.13 05:41:19.163,0.36232,0.36278,0.05,0.04
2011.07.13 05:41:23.900,0.36234,0.36276,0.03,0.02
2011.07.13 05:41:24.666,0.36234,0.36278,0.03,0.04
2011.07.13 05:41:26.066,0.36235,0.36279,0.05,0.08
2011.07.13 05:41:26.736,0.36235,0.36279,0.05,0.04
2011.07.13 05:41:26.848,0.36234,0.36277,0.03,0.04
2011.07.13 05:41:27.229,0.36235,0.36279,0.05,0.05
2011.07.13 05:41:30.388,0.36234,0.36277,0.03,0.04
2011.07.13 05:41:32.287,0.36235,0.36279,0.05,0.05
2011.07.13 05:41:32.894,0.36235,0.36279,0.05,0.04
2011.07.13 05:41:38.468,0.36235,0.36279,0.05,0.04
2011.07.13 05:41:38.578,0.36237,0.36281,0.05,0.04
2011.07.13 05:41:38.908,0.36237,0.36283,0.05,0.04
2011.07.13 05:41:39.019,0.36237,0.36283,0.05,0.04
2011.07.13 05:41:39.128,0.36243,0.36285,0.05,0.04
2011.07.13 05:41:39.568,0.36238,0.36282,0.05,0.04
2011.07.13 05:41:39.788,0.36238,0.36282,0.05,0.04
2011.07.13 05:41:40.118,0.3624,0.36284,0.05,0.08
2011.07.13 05:41:41.018,0.36243,0.36287,0.06,0.06
2011.07.13 05:41:42.407,0.36244,0.36287,0.05,0.02
2011.07.13 05:41:50.889,0.36244,0.3629,0.07,0.04
2011.07.13 05:41:51.248,0.36244,0.36287,0.03,0.04
2011.07.13 05:41:51.797,0.36243,0.36287,0.05,0.04
2011.07.13 05:41:53.148,0.36244,0.36287,0.03,0.04
2011.07.13 05:41:56.253,0.36244,0.36289,0.07,0.04
2011.07.13 05:41:56.789,0.36244,0.36288,0.03,0.04
2011.07.13 05:41:58.817,0.36245,0.36289,0.05,0.08
2011.07.13 05:41:59.480,0.36245,0.36289,0.05,0.04
2011.07.13 05:42:01.398,0.36245,0.36289,0.05,0.04
2011.07.13 05:42:02.190,0.36243,0.36288,0.03,0.04
2011.07.13 05:42:03.149,0.36243,0.36288,0.03,0.04
2011.07.13 05:42:04.468,0.36247,0.3629,0.05,0.04
2011.07.13 05:42:05.018,0.36252,0.3629,0.05,0.04
2011.07.13 05:42:05.466,0.36252,0.36297,0.05,0.02
2011.07.13 05:42:08.479,0.36254,0.36296,0.03,0.02
2011.07.13 05:42:09.161,0.36254,0.36296,0.03,0.02
2011.07.13 05:42:14.739,0.36254,0.36296,0.03,0.02
2011.07.13 05:42:16.918,0.36254,0.36296,0.03,0.02
2011.07.13 05:42:17.388,0.36254,0.36296,0.07,0.02
2011.07.13 05:42:21.329,0.36254,0.36296,0.03,0.02
2011.07.13 05:42:21.848,0.36253,0.36297,0.07,0.06
2011.07.13 05:42:27.137,0.36253,0.36296,0.05,0.02
2011.07.13 05:42:31.838,0.36253,0.36296,0.05,0.02
2011.07.13 05:42:37.450,0.36257,0.36296,0.05,0.02
2011.07.13 05:42:37.778,0.36257,0.36296,0.05,0.02
2011.07.13 05:42:48.749,0.36257,0.36297,0.05,0.02
2011.07.13 05:43:00.418,0.36253,0.36297,0.05,0.06
2011.07.13 05:43:00.943,0.36249,0.36295,0.05,0.04
2011.07.13 05:43:01.159,0.36249,0.36295,0.05,0.04
2011.07.13 05:43:08.407,0.36253,0.36296,0.05,0.04
2011.07.13 05:43:08.521,0.36253,0.36296,0.05,0.06
2011.07.13 05:43:26.477,0.36253,0.36297,0.06,0.06
2011.07.13 05:43:39.558,0.36254,0.36296,0.03,0.02
2011.07.13 05:43:41.125,0.36253,0.36297,0.05,0.06
2011.07.13 05:44:07.620,0.36253,0.36296,0.05,0.04
2011.07.13 05:44:07.948,0.36249,0.36295,0.05,0.04
2011.07.13 05:44:08.288,0.36253,0.36296,0.05,0.02
2011.07.13 05:44:14.137,0.36253,0.36297,0.06,0.06
2011.07.13 05:44:14.469,0.36258,0.36296,0.05,0.02
2011.07.13 05:44:14.800,0.3626,0.36296,0.05,0.02
2011.07.13 05:44:18.846,0.36263,0.36297,0.03,0.02
2011.07.13 05:44:19.648,0.3626,0.36297,0.05,0.02
2011.07.13 05:44:20.190,0.3626,0.36297,0.05,0.02
2011.07.13 05:44:55.310,0.36254,0.36296,0.03,0.02
2011.07.13 05:44:57.418,0.36254,0.36297,0.05,0.04
2011.07.13 05:44:57.951,0.36254,0.36297,0.05,0.04
2011.07.13 05:45:03.247,0.36258,0.36296,0.05,0.02
2011.07.13 05:45:03.358,0.36258,0.36296,0.05,0.02
2011.07.13 05:45:08.138,0.36254,0.36296,0.07,0.02
2011.07.13 05:45:08.468,0.36257,0.36296,0.05,0.02
2011.07.13 05:45:10.718,0.36255,0.36296,0.05,0.02
2011.07.13 05:45:11.048,0.36258,0.36296,0.05,0.02
2011.07.13 05:45:11.549,0.36254,0.36294,0.03,0.04
2011.07.13 05:45:12.130,0.3625,0.36294,0.05,0.04
2011.07.13 05:45:13.184,0.36254,0.36296,0.05,0.04
2011.07.13 05:45:13.508,0.36253,0.36296,0.06,0.04
2011.07.13 05:45:14.012,0.36253,0.36297,0.06,0.06
2011.07.13 05:45:14.577,0.36253,0.36296,0.05,0.04
2011.07.13 05:45:14.908,0.3625,0.36294,0.05,0.04
2011.07.13 05:46:14.670,0.36254,0.36296,0.03,0.08
2011.07.13 05:46:32.395,0.36245,0.36297,0.02,0.05
2011.07.13 05:46:47.987,0.36245,0.36291,0.05,0.04
2011.07.13 05:46:48.318,0.36244,0.36288,0.05,0.04
2011.07.13 05:46:48.837,0.36244,0.3629,0.05,0.04
2011.07.13 05:46:53.708,0.36243,0.36289,0.05,0.04
2011.07.13 05:46:57.098,0.36244,0.3629,0.05,0.04
2011.07.13 05:47:00.699,0.36244,0.36288,0.05,0.04
2011.07.13 05:47:02.682,0.36244,0.3629,0.05,0.04
2011.07.13 05:47:07.696,0.36244,0.36288,0.05,0.04
2011.07.13 05:47:15.304,0.36244,0.36286,0.05,0.02
2011.07.13 05:47:15.628,0.36242,0.36286,0.05,0.02
2011.07.13 05:47:23.969,0.36243,0.36289,0.05,0.04
2011.07.13 05:47:48.528,0.36243,0.36289,0.05,0.04
2011.07.13 05:47:51.968,0.36245,0.36289,0.05,0.04
2011.07.13 05:47:57.558,0.36245,0.36289,0.05,0.04
2011.07.13 05:48:02.458,0.36245,0.36289,0.05,0.04
2011.07.13 05:48:03.428,0.36245,0.36289,0.05,0.04
2011.07.13 05:48:11.180,0.36248,0.36294,0.05,0.05
2011.07.13 05:48:11.317,0.36248,0.36294,0.05,0.04
2011.07.13 05:48:11.939,0.36248,0.36294,0.05,0.04
2011.07.13 05:48:18.978,0.36248,0.36294,0.05,0.04
2011.07.13 05:48:19.198,0.36248,0.36294,0.05,0.04
2011.07.13 05:48:52.548,0.36248,0.36294,0.05,0.04
2011.07.13 05:48:52.658,0.36245,0.36289,0.05,0.04
2011.07.13 05:48:55.298,0.36244,0.36288,0.05,0.04
2011.07.13 05:48:56.708,0.36243,0.36287,0.05,0.04
2011.07.13 05:48:56.818,0.36243,0.36287,0.05,0.06
2011.07.13 05:48:57.398,0.36243,0.36287,0.05,0.04
2011.07.13 05:49:01.477,0.36243,0.36287,0.05,0.04
2011.07.13 05:49:02.760,0.36243,0.36286,0.05,0.02
2011.07.13 05:49:08.917,0.36243,0.36287,0.05,0.04
2011.07.13 05:49:20.539,0.36243,0.36287,0.05,0.06
2011.07.13 05:49:20.674,0.36236,0.36279,0.03,0.04
2011.07.13 05:49:21.091,0.36235,0.36279,0.05,0.04
2011.07.13 05:49:27.898,0.36235,0.36279,0.05,0.04
2011.07.13 05:49:28.691,0.36234,0.36278,0.05,0.04
2011.07.13 05:49:29.588,0.36235,0.36279,0.05,0.04
2011.07.13 05:49:29.698,0.36235,0.36279,0.05,0.04
2011.07.13 05:49:29.947,0.36235,0.36279,0.05,0.04
2011.07.13 05:49:30.472,0.36234,0.36278,0.05,0.04
2011.07.13 05:49:30.798,0.36233,0.36277,0.05,0.06
2011.07.13 05:49:33.337,0.36233,0.36277,0.05,0.02
2011.07.13 05:49:34.001,0.36233,0.36276,0.05,0.02
2011.07.13 05:49:37.257,0.36233,0.36276,0.06,0.02
2011.07.13 05:49:37.368,0.36233,0.36279,0.06,0.04
2011.07.13 05:49:37.630,0.36237,0.36281,0.05,0.04
2011.07.13 05:49:37.739,0.36237,0.36283,0.05,0.04
2011.07.13 05:49:37.959,0.3624,0.36284,0.05,0.04
2011.07.13 05:49:38.068,0.36242,0.36286,0.05,0.04
2011.07.13 05:49:38.288,0.36244,0.36288,0.05,0.04
2011.07.13 05:49:38.398,0.36244,0.36288,0.05,0.04
2011.07.13 05:49:38.838,0.36244,0.3629,0.05,0.04
2011.07.13 05:49:39.878,0.36244,0.3629,0.05,0.04
2011.07.13 05:49:45.958,0.36244,0.3629,0.05,0.04
2011.07.13 05:49:46.288,0.36244,0.36288,0.05,0.04
2011.07.13 05:49:52.538,0.36243,0.36287,0.05,0.04
2011.07.13 05:49:52.648,0.36243,0.36286,0.05,0.02
2011.07.13 05:49:54.370,0.36243,0.36286,0.05,0.02
2011.07.13 05:49:54.479,0.36244,0.36288,0.05,0.04
2011.07.13 05:49:55.079,0.36244,0.36286,0.05,0.02
2011.07.13 05:49:55.188,0.36242,0.36286,0.05,0.02
2011.07.13 05:49:55.778,0.36242,0.36286,0.05,0.02
2011.07.13 05:49:57.858,0.36242,0.36287,0.05,0.02
2011.07.13 05:49:58.713,0.36242,0.36286,0.05,0.02
2011.07.13 05:49:58.819,0.36239,0.36283,0.05,0.04
2011.07.13 05:49:58.929,0.36239,0.36283,0.05,0.04
2011.07.13 05:49:59.820,0.36245,0.36287,0.05,0.06
2011.07.13 05:50:00.890,0.36245,0.36286,0.05,0.02
2011.07.13 05:50:01.469,0.36245,0.36287,0.05,0.02
2011.07.13 05:50:03.008,0.36244,0.36286,0.07,0.02
2011.07.13 05:50:06.229,0.36249,0.36286,0.04,0.02
2011.07.13 05:50:06.338,0.36249,0.36291,0.05,0.04
2011.07.13 05:50:06.888,0.36248,0.36292,0.05,0.04
2011.07.13 05:50:08.348,0.36253,0.36296,0.05,0.04
2011.07.13 05:50:08.458,0.36253,0.36296,0.05,0.06
2011.07.13 05:50:08.789,0.36245,0.36289,0.05,0.04
2011.07.13 05:50:08.898,0.36245,0.36289,0.05,0.04
2011.07.13 05:50:10.042,0.36247,0.36291,0.05,0.04
2011.07.13 05:50:10.148,0.36247,0.36291,0.05,0.04
2011.07.13 05:50:10.476,0.36247,0.36293,0.05,0.05
2011.07.13 05:50:10.998,0.36244,0.3629,0.05,0.04
2011.07.13 05:50:11.117,0.36244,0.3629,0.05,0.04
2011.07.13 05:50:11.679,0.36244,0.3629,0.05,0.04
2011.07.13 05:50:11.789,0.36247,0.36292,0.05,0.04
2011.07.13 05:50:12.561,0.36247,0.36293,0.05,0.04
2011.07.13 05:50:13.094,0.36247,0.36293,0.05,0.04
2011.07.13 05:50:19.249,0.36244,0.3629,0.05,0.04
2011.07.13 05:50:19.469,0.36244,0.3629,0.05,0.04
2011.07.13 05:50:20.508,0.36248,0.36292,0.05,0.08
2011.07.13 05:50:20.728,0.36248,0.36292,0.05,0.08
2011.07.13 05:50:21.198,0.36249,0.36294,0.05,0.04
2011.07.13 05:50:21.308,0.36254,0.36294,0.04,0.04
2011.07.13 05:50:21.941,0.36249,0.36295,0.05,0.04
2011.07.13 05:50:23.708,0.36253,0.36296,0.05,0.04
2011.07.13 05:50:24.261,0.36249,0.36295,0.05,0.04
2011.07.13 05:50:34.039,0.36247,0.36293,0.05,0.04
2011.07.13 05:50:34.148,0.36247,0.36293,0.05,0.05
2011.07.13 05:50:35.149,0.36247,0.36293,0.05,0.05
2011.07.13 05:50:35.700,0.3625,0.36294,0.05,0.04
2011.07.13 05:50:37.250,0.36253,0.36297,0.05,0.12
2011.07.13 05:50:37.529,0.36253,0.36297,0.05,0.12
2011.07.13 05:50:37.640,0.3625,0.36294,0.05,0.04
2011.07.13 05:50:38.118,0.36247,0.36293,0.05,0.04
2011.07.13 05:50:50.559,0.36243,0.36287,0.07,0.04
2011.07.13 05:50:50.779,0.36243,0.36286,0.05,0.02
2011.07.13 05:50:57.479,0.36244,0.36287,0.05,0.02
2011.07.13 05:50:58.211,0.36243,0.36287,0.05,0.06
2011.07.13 05:51:34.569,0.36243,0.36286,0.04,0.03
2011.07.13 05:51:34.678,0.36237,0.36283,0.05,0.04
2011.07.13 05:51:35.480,0.36234,0.3628,0.05,0.04
2011.07.13 05:51:45.520,0.36234,0.3628,0.05,0.04
2011.07.13 05:51:46.053,0.36234,0.3628,0.05,0.05
2011.07.13 05:51:46.161,0.36233,0.36276,0.05,0.02
2011.07.13 05:51:46.948,0.36233,0.36277,0.05,0.06
2011.07.13 05:51:47.711,0.36233,0.36276,0.05,0.02
2011.07.13 05:51:48.368,0.36233,0.36277,0.05,0.06
2011.07.13 05:51:48.719,0.36233,0.36279,0.05,0.04
2011.07.13 05:51:50.007,0.36232,0.36278,0.05,0.04
2011.07.13 05:51:50.519,0.36232,0.36278,0.05,0.04
2011.07.13 05:51:53.814,0.36238,0.3628,0.05,0.04
2011.07.13 05:51:54.139,0.36238,0.36282,0.05,0.05
2011.07.13 05:51:56.141,0.36238,0.36282,0.05,0.05
2011.07.13 05:51:57.998,0.36238,0.36282,0.05,0.05
2011.07.13 05:51:58.109,0.36234,0.3628,0.05,0.04
2011.07.13 05:51:59.058,0.36238,0.36282,0.05,0.05
2011.07.13 05:51:59.168,0.36234,0.3628,0.05,0.04
2011.07.13 05:51:59.699,0.36237,0.36283,0.05,0.05
2011.07.13 05:52:00.038,0.36235,0.36279,0.05,0.04
2011.07.13 05:52:00.309,0.36235,0.36279,0.05,0.04
2011.07.13 05:52:01.239,0.36235,0.36279,0.05,0.04
2011.07.13 05:52:05.339,0.36235,0.36279,0.05,0.04
2011.07.13 05:52:05.559,0.36235,0.36279,0.05,0.04
2011.07.13 05:52:05.779,0.36238,0.36282,0.05,0.04
2011.07.13 05:52:06.629,0.36234,0.3628,0.05,0.04
2011.07.13 05:52:06.739,0.36234,0.3628,0.05,0.04
2011.07.13 05:52:10.119,0.36233,0.36277,0.05,0.04
2011.07.13 05:52:10.228,0.36233,0.36277,0.05,0.04
2011.07.13 05:52:11.938,0.36229,0.36275,0.05,0.04
2011.07.13 05:52:12.159,0.36235,0.36279,0.05,0.04
2011.07.13 05:52:12.268,0.36235,0.36277,0.05,0.04
2011.07.13 05:52:12.769,0.36235,0.36279,0.05,0.04
2011.07.13 05:52:15.889,0.3623,0.36275,0.03,0.04
2011.07.13 05:52:15.999,0.36229,0.36275,0.05,0.04
2011.07.13 05:52:16.218,0.36235,0.36279,0.05,0.05
2011.07.13 05:52:16.329,0.36235,0.36279,0.05,0.04
2011.07.13 05:52:17.501,0.36238,0.36282,0.05,0.04
2011.07.13 05:52:18.173,0.36238,0.36282,0.05,0.04
2011.07.13 05:52:19.270,0.36232,0.36278,0.05,0.04
2011.07.13 05:52:19.378,0.36232,0.36278,0.05,0.04
2011.07.13 05:52:19.489,0.36232,0.36278,0.05,0.04
2011.07.13 05:52:21.199,0.36232,0.36278,0.05,0.04
2011.07.13 05:52:24.078,0.36229,0.36275,0.05,0.04
2011.07.13 05:52:24.627,0.3623,0.36275,0.03,0.04
2011.07.13 05:52:24.872,0.36238,0.36282,0.05,0.05
2011.07.13 05:52:26.188,0.36238,0.36282,0.05,0.05
2011.07.13 05:52:28.439,0.36235,0.36279,0.05,0.04
2011.07.13 05:52:28.548,0.36238,0.36282,0.05,0.05
2011.07.13 05:52:29.078,0.36238,0.36282,0.05,0.04
2011.07.13 05:52:31.885,0.36235,0.36279,0.05,0.04
2011.07.13 05:52:31.989,0.36235,0.36279,0.05,0.04
2011.07.13 05:52:33.688,0.36238,0.36281,0.05,0.05
2011.07.13 05:52:34.229,0.36238,0.36281,0.05,0.04
2011.07.13 05:52:34.932,0.36238,0.36282,0.05,0.04
2011.07.13 05:52:35.161,0.36238,0.36282,0.05,0.04
2011.07.13 05:52:35.490,0.36239,0.36283,0.05,0.04
2011.07.13 05:52:35.599,0.36238,0.36282,0.05,0.04
2011.07.13 05:52:38.089,0.36238,0.36282,0.05,0.04
2011.07.13 05:52:41.119,0.36239,0.36284,0.05,0.04
2011.07.13 05:52:41.690,0.36239,0.36285,0.05,0.04
2011.07.13 05:52:42.699,0.36238,0.36282,0.05,0.04
2011.07.13 05:52:42.918,0.36238,0.36282,0.05,0.04
2011.07.13 05:52:44.049,0.36239,0.36284,0.05,0.04
2011.07.13 05:52:44.741,0.36239,0.36285,0.05,0.04
2011.07.13 05:52:47.129,0.36243,0.36286,0.05,0.04
2011.07.13 05:52:49.238,0.36243,0.36286,0.05,0.02
2011.07.13 05:52:49.919,0.3624,0.36284,0.05,0.04
2011.07.13 05:52:50.028,0.36243,0.36286,0.05,0.02
2011.07.13 05:52:50.579,0.36243,0.36286,0.05,0.02
2011.07.13 05:52:50.688,0.36243,0.36289,0.05,0.04
2011.07.13 05:52:51.090,0.36242,0.36286,0.05,0.02
2011.07.13 05:52:51.419,0.3624,0.36284,0.05,0.04
2011.07.13 05:52:52.147,0.36238,0.36282,0.05,0.04
2011.07.13 05:52:52.259,0.36238,0.36282,0.05,0.04
2011.07.13 05:52:52.831,0.36238,0.36282,0.05,0.04
2011.07.13 05:52:53.509,0.36238,0.36282,0.05,0.04
2011.07.13 05:52:54.993,0.36238,0.36282,0.05,0.04
2011.07.13 05:52:56.019,0.36234,0.3628,0.05,0.04
2011.07.13 05:52:57.149,0.36234,0.3628,0.05,0.04
2011.07.13 05:52:58.388,0.36237,0.36282,0.05,0.05
2011.07.13 05:52:58.961,0.36235,0.36279,0.05,0.04
2011.07.13 05:52:59.800,0.36238,0.36281,0.05,0.05
2011.07.13 05:53:00.609,0.36238,0.36282,0.05,0.04
2011.07.13 05:53:01.253,0.36238,0.36282,0.05,0.04
2011.07.13 05:53:01.905,0.36238,0.36282,0.05,0.04
2011.07.13 05:53:02.674,0.36238,0.36282,0.05,0.04
2011.07.13 05:53:02.979,0.36235,0.36279,0.05,0.04
2011.07.13 05:53:03.529,0.36235,0.36279,0.05,0.04
2011.07.13 05:53:03.959,0.36237,0.36282,0.05,0.05
2011.07.13 05:53:04.508,0.36237,0.36283,0.05,0.04
2011.07.13 05:53:12.466,0.36235,0.36279,0.05,0.04
2011.07.13 05:53:14.349,0.36238,0.36281,0.05,0.04
2011.07.13 05:53:14.901,0.36238,0.36282,0.05,0.04
2011.07.13 05:53:16.229,0.36234,0.3628,0.05,0.04
2011.07.13 05:53:23.249,0.36244,0.36282,0.05,0.04
2011.07.13 05:53:23.654,0.3625,0.36282,0.04,0.04
2011.07.13 05:53:23.992,0.3625,0.36292,0.05,0.08
2011.07.13 05:53:24.999,0.36254,0.36297,0.05,0.06
2011.07.13 05:53:28.480,0.36249,0.36293,0.05,0.04
2011.07.13 05:53:28.589,0.36249,0.36293,0.05,0.04
2011.07.13 05:53:32.487,0.36248,0.36292,0.05,0.04
2011.07.13 05:53:32.709,0.36248,0.36292,0.05,0.04
2011.07.13 05:53:39.049,0.36244,0.3629,0.05,0.04
2011.07.13 05:53:39.378,0.36249,0.36293,0.05,0.05
2011.07.13 05:53:39.838,0.36248,0.36291,0.05,0.04
2011.07.13 05:53:40.168,0.36249,0.36293,0.05,0.04
2011.07.13 05:53:40.751,0.36249,0.36293,0.05,0.04
2011.07.13 05:53:57.429,0.36248,0.36292,0.05,0.04
2011.07.13 05:53:58.179,0.36249,0.36293,0.05,0.04
2011.07.13 05:53:58.587,0.36253,0.36295,0.05,0.04
2011.07.13 05:53:59.263,0.36253,0.36296,0.05,0.02
2011.07.13 05:54:03.328,0.36253,0.36297,0.05,0.06
2011.07.13 05:54:07.279,0.36253,0.36296,0.05,0.02
2011.07.13 05:54:14.510,0.36253,0.36297,0.05,0.02
2011.07.13 05:54:16.590,0.36253,0.36296,0.05,0.02
2011.07.13 05:54:18.353,0.36253,0.36297,0.05,0.02
2011.07.13 05:54:28.832,0.36253,0.36296,0.05,0.02
2011.07.13 05:54:34.349,0.36253,0.36297,0.05,0.02
2011.07.13 05:54:42.884,0.36253,0.36296,0.05,0.02
2011.07.13 05:54:43.489,0.36253,0.36297,0.05,0.02
2011.07.13 05:54:53.370,0.36245,0.36289,0.05,0.04
2011.07.13 05:54:53.699,0.36254,0.36296,0.04,0.03
2011.07.13 05:54:53.809,0.36254,0.36296,0.05,0.02
2011.07.13 05:54:54.229,0.36257,0.36296,0.05,0.02
2011.07.13 05:54:55.093,0.36257,0.36292,0.05,0.04
2011.07.13 05:54:55.309,0.36257,0.36296,0.05,0.02
2011.07.13 05:55:19.917,0.36257,0.36297,0.05,0.02
2011.07.13 05:55:23.244,0.36265,0.36297,0.04,0.02
2011.07.13 05:55:23.349,0.36265,0.36305,0.04,0.05
2011.07.13 05:55:23.458,0.36265,0.36305,0.05,0.04
2011.07.13 05:55:24.013,0.36265,0.36306,0.05,0.02
2011.07.13 05:55:26.799,0.36265,0.36307,0.05,0.02
2011.07.13 05:55:29.458,0.3626,0.36304,0.05,0.04
2011.07.13 05:55:29.569,0.3626,0.36304,0.05,0.04
2011.07.13 05:55:31.918,0.36263,0.36306,0.05,0.04
2011.07.13 05:55:32.249,0.36264,0.36306,0.05,0.04
2011.07.13 05:55:32.578,0.36268,0.36307,0.05,0.02
2011.07.13 05:56:08.478,0.36268,0.36306,0.05,0.02
2011.07.13 05:56:09.658,0.36268,0.36307,0.05,0.02
2011.07.13 05:56:17.212,0.36268,0.36312,0.05,0.04
2011.07.13 05:56:17.429,0.3627,0.36314,0.05,0.08
2011.07.13 05:56:18.008,0.3627,0.36314,0.05,0.04
2011.07.13 05:56:24.858,0.36265,0.36309,0.05,0.04
2011.07.13 05:56:25.188,0.36265,0.36307,0.05,0.02
2011.07.13 05:56:26.330,0.36265,0.36307,0.05,0.02
2011.07.13 05:56:27.379,0.36265,0.36306,0.05,0.02
2011.07.13 05:57:04.149,0.3626,0.36304,0.05,0.04
2011.07.13 05:57:07.089,0.3626,0.36304,0.05,0.04
2011.07.13 05:57:07.200,0.3626,0.36304,0.05,0.04
2011.07.13 05:57:31.200,0.3626,0.36304,0.05,0.04
2011.07.13 05:57:31.470,0.3626,0.36304,0.05,0.04
2011.07.13 05:57:32.198,0.3626,0.36304,0.04,0.06
2011.07.13 05:57:32.502,0.36253,0.36294,0.02,0.04
2011.07.13 05:57:33.132,0.36253,0.36294,0.03,0.04
2011.07.13 05:57:34.040,0.36248,0.36292,0.05,0.04
2011.07.13 05:57:37.449,0.36248,0.36292,0.05,0.04
2011.07.13 05:57:38.951,0.3625,0.36294,0.05,0.05
2011.07.13 05:57:39.170,0.3625,0.36294,0.05,0.04
2011.07.13 05:57:40.000,0.3625,0.36294,0.05,0.04
2011.07.13 05:57:40.110,0.36254,0.36296,0.05,0.04
2011.07.13 05:57:40.542,0.36254,0.363,0.05,0.04
2011.07.13 05:57:53.349,0.36253,0.36299,0.05,0.04
2011.07.13 05:58:09.409,0.36253,0.36297,0.05,0.06
2011.07.13 05:58:09.981,0.36253,0.36297,0.05,0.06
2011.07.13 05:58:11.611,0.36253,0.36296,0.05,0.02
2011.07.13 05:58:11.829,0.36248,0.36292,0.05,0.04
2011.07.13 05:58:15.899,0.36244,0.3629,0.07,0.04
2011.07.13 05:58:16.230,0.36247,0.36293,0.05,0.05
2011.07.13 05:58:21.739,0.36249,0.36293,0.05,0.05
2011.07.13 05:58:21.849,0.36249,0.36293,0.05,0.04
2011.07.13 05:58:22.179,0.36252,0.36297,0.05,0.06
2011.07.13 05:58:22.730,0.36252,0.36296,0.05,0.02
2011.07.13 05:58:22.839,0.36254,0.36298,0.05,0.04
2011.07.13 05:58:23.059,0.36254,0.36297,0.05,0.04
2011.07.13 05:58:23.739,0.36254,0.36298,0.05,0.04
2011.07.13 05:58:27.409,0.36259,0.36302,0.05,0.05
2011.07.13 05:58:27.629,0.36262,0.36302,0.04,0.05
2011.07.13 05:58:27.959,0.36254,0.363,0.05,0.04
2011.07.13 05:58:28.069,0.36254,0.36298,0.05,0.04
2011.07.13 05:58:51.579,0.36254,0.36298,0.05,0.04
2011.07.13 05:58:51.689,0.36254,0.363,0.05,0.04
2011.07.13 05:58:52.929,0.36254,0.363,0.05,0.04
2011.07.13 05:59:05.546,0.36254,0.36298,0.05,0.04
2011.07.13 05:59:08.195,0.36254,0.363,0.05,0.04
2011.07.13 05:59:13.069,0.36265,0.36302,0.04,0.05
2011.07.13 05:59:13.456,0.36255,0.36299,0.05,0.04
2011.07.13 05:59:23.400,0.36255,0.36299,0.05,0.04
2011.07.13 05:59:23.730,0.36262,0.36302,0.05,0.04
2011.07.13 05:59:23.950,0.36262,0.36306,0.05,0.04
2011.07.13 05:59:24.460,0.36262,0.36307,0.05,0.02
2011.07.13 05:59:42.079,0.36262,0.36307,0.04,0.02
2011.07.13 05:59:45.471,0.36259,0.36303,0.04,0.04
2011.07.13 05:59:45.689,0.36254,0.363,0.06,0.04
2011.07.13 05:59:46.969,0.36257,0.36303,0.04,0.04
2011.07.13 05:59:47.569,0.36258,0.36304,0.04,0.04
2011.07.13 05:59:48.131,0.36258,0.36304,0.04,0.04
2011.07.13 05:59:48.779,0.36257,0.36303,0.04,0.04
2011.07.13 05:59:48.890,0.36257,0.36303,0.04,0.04
2011.07.13 05:59:49.000,0.36262,0.36306,0.04,0.04
2011.07.13 05:59:49.509,0.36262,0.36307,0.04,0.02
