2016.08.08 22:00:00.188,0.19713,0.19756,0.02,0.02
2016.08.08 22:00:00.413,0.19711,0.19762,0.02,0.02
2016.08.08 22:00:01.165,0.19715,0.19767,0.02,0.02
2016.08.08 22:00:02.149,0.19718,0.19769,0.02,0.02
2016.08.08 22:00:02.328,0.19715,0.19767,0.02,0.02
2016.08.08 22:00:02.674,0.19713,0.19765,0.02,0.02
2016.08.08 22:00:03.675,0.19715,0.19767,0.02,0.02
2016.08.08 22:00:04.424,0.19712,0.19764,0.02,0.02
2016.08.08 22:00:05.033,0.19715,0.19767,0.02,0.02
2016.08.08 22:00:05.377,0.19713,0.19765,0.02,0.02
2016.08.08 22:00:05.981,0.1971,0.19762,0.02,0.02
2016.08.08 22:00:06.386,0.19707,0.19759,0.02,0.02
2016.08.08 22:00:06.863,0.19705,0.19757,0.02,0.02
2016.08.08 22:00:08.542,0.19707,0.19758,0.02,0.02
2016.08.08 22:00:08.677,0.19711,0.19763,0.02,0.02
2016.08.08 22:00:15.157,0.19713,0.19764,0.02,0.02
2016.08.08 22:00:16.459,0.19711,0.19763,0.02,0.02
2016.08.08 22:00:19.269,0.19713,0.19765,0.02,0.02
2016.08.08 22:00:21.972,0.19713,0.19757,0.02,0.00
2016.08.08 22:00:26.880,0.1971,0.19757,0.02,0.00
2016.08.08 22:00:29.998,0.1971,0.19754,0.02,0.00
2016.08.08 22:00:31.087,0.19709,0.19754,0.02,0.00
2016.08.08 22:00:31.787,0.19711,0.19754,0.02,0.00
2016.08.08 22:00:34.492,0.19714,0.19754,0.02,0.00
2016.08.08 22:00:34.543,0.19714,0.19758,0.02,0.00
2016.08.08 22:00:34.643,0.19712,0.19758,0.02,0.00
2016.08.08 22:00:41.908,0.19715,0.19758,0.02,0.00
2016.08.08 22:00:45.510,0.19715,0.19758,0.02,0.01
2016.08.08 22:00:45.560,0.19712,0.19758,0.02,0.01
2016.08.08 22:00:48.631,0.19711,0.19758,0.02,0.01
2016.08.08 22:00:50.216,0.19711,0.19758,0.01,0.01
2016.08.08 22:00:52.499,0.19711,0.19753,0.01,0.01
2016.08.08 22:00:54.818,0.19711,0.19758,0.01,0.00
2016.08.08 22:00:55.027,0.19712,0.19758,0.02,0.00
2016.08.08 22:01:00.629,0.19713,0.19758,0.01,0.01
2016.08.08 22:01:01.145,0.19711,0.19758,0.01,0.01
2016.08.08 22:01:03.536,0.19713,0.19758,0.01,0.01
2016.08.08 22:01:04.137,0.19716,0.19758,0.01,0.01
2016.08.08 22:01:09.445,0.19716,0.19758,0.01,0.01
2016.08.08 22:01:17.158,0.19716,0.19756,0.01,0.01
2016.08.08 22:01:21.068,0.19716,0.19756,0.03,0.01
2016.08.08 22:01:55.312,0.19716,0.19756,0.03,0.01
2016.08.08 22:01:55.368,0.19716,0.19758,0.03,0.01
2016.08.08 22:02:08.352,0.19716,0.19758,0.02,0.01
2016.08.08 22:02:24.930,0.19716,0.19758,0.02,0.01
2016.08.08 22:02:24.981,0.19718,0.19761,0.02,0.02
2016.08.08 22:02:25.291,0.19721,0.19764,0.02,0.01
2016.08.08 22:02:37.996,0.19726,0.19768,0.02,0.00
2016.08.08 22:02:38.047,0.19726,0.19771,0.02,0.03
2016.08.08 22:02:38.097,0.19726,0.19769,0.02,0.01
2016.08.08 22:02:41.308,0.19726,0.19767,0.02,0.01
2016.08.08 22:02:41.980,0.19726,0.19767,0.02,0.01
2016.08.08 22:02:42.031,0.19723,0.19767,0.02,0.01
2016.08.08 22:02:47.769,0.19726,0.19767,0.02,0.01
2016.08.08 22:02:47.927,0.19726,0.19767,0.02,0.01
2016.08.08 22:02:54.896,0.19723,0.19767,0.02,0.01
2016.08.08 22:03:22.033,0.19726,0.19767,0.02,0.01
2016.08.08 22:03:25.036,0.19726,0.19767,0.02,0.01
2016.08.08 22:03:48.679,0.19727,0.19767,0.01,0.01
2016.08.08 22:04:03.810,0.19726,0.19767,0.02,0.01
2016.08.08 22:04:21.544,0.19727,0.19767,0.01,0.01
2016.08.08 22:05:02.760,0.19726,0.19767,0.02,0.01
2016.08.08 22:05:29.261,0.19723,0.19767,0.02,0.01
2016.08.08 22:05:29.312,0.19723,0.19767,0.02,0.02
2016.08.08 22:05:29.362,0.19721,0.19764,0.02,0.01
2016.08.08 22:05:29.414,0.19721,0.19762,0.02,0.01
2016.08.08 22:05:50.298,0.19721,0.19766,0.02,0.04
2016.08.08 22:05:50.359,0.19721,0.19764,0.02,0.01
2016.08.08 22:06:36.283,0.19721,0.19766,0.02,0.02
2016.08.08 22:06:36.383,0.19721,0.19765,0.02,0.01
2016.08.08 22:06:51.019,0.19721,0.19764,0.02,0.01
2016.08.08 22:11:19.314,0.19721,0.19762,0.02,0.01
2016.08.08 22:11:22.374,0.19721,0.19764,0.02,0.01
2016.08.08 22:11:42.536,0.19721,0.19762,0.02,0.01
2016.08.08 22:11:44.410,0.19721,0.19764,0.02,0.01
2016.08.08 22:12:09.923,0.19722,0.19764,0.04,0.03
2016.08.08 22:12:26.558,0.19722,0.19762,0.04,0.01
2016.08.08 22:12:27.918,0.19722,0.19764,0.04,0.03
2016.08.08 22:12:39.809,0.19723,0.19763,0.04,0.04
2016.08.08 22:13:04.774,0.19723,0.19762,0.04,0.01
2016.08.08 22:13:29.120,0.19723,0.19763,0.04,0.04
2016.08.08 22:13:44.304,0.19723,0.19762,0.04,0.01
2016.08.08 22:14:30.785,0.19723,0.19763,0.04,0.04
2016.08.08 22:14:30.868,0.19723,0.19762,0.04,0.01
2016.08.08 22:15:12.589,0.19723,0.19763,0.04,0.04
2016.08.08 22:15:15.094,0.19723,0.19762,0.04,0.01
2016.08.08 22:15:17.001,0.19723,0.19763,0.04,0.04
2016.08.08 22:15:19.103,0.19723,0.19762,0.04,0.01
2016.08.08 22:15:19.505,0.19723,0.19763,0.04,0.04
2016.08.08 22:15:24.816,0.19723,0.19762,0.04,0.01
2016.08.08 22:15:25.017,0.19723,0.19763,0.04,0.04
2016.08.08 22:15:25.868,0.19723,0.19762,0.04,0.01
2016.08.08 22:15:37.251,0.19723,0.19762,0.04,0.01
2016.08.08 22:15:38.382,0.19721,0.19761,0.04,0.04
2016.08.08 22:15:38.883,0.19718,0.19757,0.04,0.01
2016.08.08 22:16:09.821,0.19714,0.19752,0.02,0.01
2016.08.08 22:16:09.872,0.19714,0.19752,0.02,0.01
2016.08.08 22:16:09.922,0.19713,0.19752,0.04,0.01
2016.08.08 22:16:36.319,0.19713,0.19752,0.06,0.01
2016.08.08 22:16:51.021,0.19713,0.19753,0.06,0.06
2016.08.08 22:16:51.071,0.19714,0.19753,0.02,0.04
2016.08.08 22:17:27.887,0.19718,0.19754,0.04,0.02
2016.08.08 22:17:28.038,0.19718,0.19757,0.04,0.04
2016.08.08 22:17:28.388,0.19718,0.19757,0.04,0.03
2016.08.08 22:17:31.117,0.19718,0.19757,0.06,0.01
2016.08.08 22:17:37.931,0.19718,0.19757,0.06,0.01
2016.08.08 22:18:15.995,0.19718,0.19757,0.06,0.01
2016.08.08 22:18:18.436,0.19718,0.19757,0.06,0.01
2016.08.08 22:18:21.317,0.19718,0.19757,0.06,0.01
2016.08.08 22:18:31.018,0.19718,0.19757,0.04,0.03
2016.08.08 22:19:11.083,0.19718,0.19757,0.06,0.01
2016.08.08 22:21:31.022,0.19719,0.19757,0.02,0.01
2016.08.08 22:23:51.133,0.19718,0.19757,0.06,0.01
2016.08.08 22:24:11.060,0.19719,0.19757,0.02,0.01
2016.08.08 22:25:15.087,0.19719,0.19757,0.02,0.01
2016.08.08 22:25:48.045,0.19719,0.19758,0.02,0.04
2016.08.08 22:25:51.100,0.1972,0.19758,0.02,0.04
2016.08.08 22:26:01.061,0.1972,0.19757,0.02,0.01
2016.08.08 22:26:01.119,0.19718,0.19757,0.06,0.01
2016.08.08 22:26:02.765,0.19718,0.19758,0.06,0.06
2016.08.08 22:26:02.823,0.1972,0.19758,0.02,0.04
2016.08.08 22:26:05.571,0.1972,0.19757,0.02,0.01
2016.08.08 22:26:05.677,0.19718,0.19757,0.06,0.01
2016.08.08 22:26:11.140,0.19719,0.19757,0.02,0.01
2016.08.08 22:26:11.483,0.19719,0.19758,0.02,0.04
2016.08.08 22:26:11.783,0.19719,0.19757,0.02,0.01
2016.08.08 22:26:12.093,0.19719,0.19758,0.02,0.04
2016.08.08 22:26:13.487,0.19719,0.19757,0.02,0.01
2016.08.08 22:26:13.690,0.19719,0.19758,0.02,0.04
2016.08.08 22:26:32.472,0.19719,0.19757,0.02,0.01
2016.08.08 22:28:06.621,0.19719,0.19758,0.02,0.04
2016.08.08 22:28:08.026,0.19719,0.19757,0.02,0.01
2016.08.08 22:28:08.427,0.19719,0.19758,0.02,0.04
2016.08.08 22:28:16.144,0.19719,0.19757,0.02,0.01
2016.08.08 22:28:16.245,0.19719,0.19758,0.02,0.04
2016.08.08 22:28:21.999,0.19719,0.19757,0.02,0.01
2016.08.08 22:28:22.572,0.19719,0.19758,0.02,0.04
2016.08.08 22:28:23.157,0.19719,0.19757,0.02,0.01
2016.08.08 22:28:23.302,0.19719,0.19758,0.02,0.04
2016.08.08 22:28:34.092,0.19719,0.19757,0.02,0.01
2016.08.08 22:28:41.907,0.19719,0.19758,0.02,0.04
2016.08.08 22:30:45.327,0.19719,0.19757,0.02,0.01
2016.08.08 22:30:45.385,0.19719,0.19758,0.02,0.04
2016.08.08 22:31:17.169,0.19719,0.19757,0.02,0.01
2016.08.08 22:31:27.385,0.19719,0.19755,0.02,0.04
2016.08.08 22:31:28.544,0.19718,0.19755,0.02,0.04
2016.08.08 22:31:51.118,0.19717,0.19755,0.04,0.04
2016.08.08 22:32:11.094,0.19718,0.19755,0.02,0.04
2016.08.08 22:33:43.052,0.19722,0.1976,0.02,0.06
2016.08.08 22:33:43.163,0.19723,0.1976,0.02,0.04
2016.08.08 22:33:51.090,0.19722,0.1976,0.04,0.04
2016.08.08 22:34:11.089,0.19723,0.1976,0.02,0.04
2016.08.08 22:34:47.637,0.19723,0.19757,0.03,0.01
2016.08.08 22:34:51.049,0.19723,0.19757,0.01,0.01
2016.08.08 22:34:51.709,0.19723,0.19757,0.01,0.01
2016.08.08 22:35:10.981,0.19722,0.19755,0.01,0.04
2016.08.08 22:35:11.082,0.19722,0.19753,0.01,0.01
2016.08.08 22:35:14.089,0.19722,0.19755,0.01,0.04
2016.08.08 22:35:31.513,0.19722,0.19753,0.01,0.01
2016.08.08 22:35:40.074,0.19722,0.19755,0.01,0.04
2016.08.08 22:35:54.025,0.19718,0.19752,0.03,0.01
2016.08.08 22:35:56.953,0.1972,0.19752,0.02,0.01
2016.08.08 22:36:02.464,0.19718,0.19752,0.01,0.01
2016.08.08 22:36:11.082,0.1972,0.19752,0.02,0.01
2016.08.08 22:36:27.402,0.19718,0.19748,0.02,0.01
2016.08.08 22:36:27.453,0.19717,0.19748,0.03,0.01
2016.08.08 22:36:27.554,0.19717,0.19748,0.01,0.01
2016.08.08 22:36:27.644,0.19717,0.19748,0.01,0.01
2016.08.08 22:36:28.462,0.19715,0.19748,0.02,0.01
2016.08.08 22:36:29.760,0.19715,0.19747,0.02,0.01
2016.08.08 22:36:31.115,0.19716,0.19747,0.02,0.01
2016.08.08 22:36:43.846,0.19715,0.19747,0.02,0.01
2016.08.08 22:36:44.397,0.19716,0.19747,0.02,0.01
2016.08.08 22:36:50.972,0.19715,0.19747,0.02,0.01
2016.08.08 22:37:00.544,0.19715,0.19747,0.02,0.01
2016.08.08 22:37:01.329,0.19714,0.19747,0.02,0.01
2016.08.08 22:37:04.899,0.19715,0.19747,0.02,0.01
2016.08.08 22:37:07.184,0.19713,0.19747,0.01,0.01
2016.08.08 22:37:11.112,0.19714,0.19747,0.02,0.01
2016.08.08 22:37:32.061,0.19715,0.19747,0.02,0.01
2016.08.08 22:39:02.849,0.19714,0.19747,0.02,0.01
2016.08.08 22:39:11.060,0.19715,0.19747,0.02,0.01
2016.08.08 22:45:00.167,0.19714,0.19747,0.02,0.01
2016.08.08 22:45:00.218,0.19713,0.19747,0.03,0.03
2016.08.08 22:45:12.115,0.19715,0.19747,0.02,0.01
2016.08.08 22:45:31.018,0.19714,0.19747,0.02,0.01
2016.08.08 22:45:51.042,0.19715,0.19747,0.02,0.01
2016.08.08 22:48:51.089,0.19714,0.19747,0.02,0.01
2016.08.08 22:49:11.117,0.19715,0.19747,0.02,0.01
2016.08.08 22:49:27.666,0.19714,0.19747,0.02,0.03
2016.08.08 22:49:28.545,0.19715,0.19747,0.02,0.01
2016.08.08 22:51:25.937,0.19714,0.19747,0.02,0.01
2016.08.08 22:51:26.699,0.19715,0.19747,0.02,0.01
2016.08.08 22:51:43.719,0.19715,0.19749,0.02,0.02
2016.08.08 22:51:43.778,0.19715,0.19747,0.02,0.01
2016.08.08 22:51:44.329,0.19716,0.19747,0.02,0.01
2016.08.08 22:56:10.983,0.19716,0.19747,0.02,0.01
2016.08.08 22:56:11.604,0.19715,0.19747,0.02,0.01
2016.08.08 22:57:04.350,0.19714,0.19747,0.02,0.01
2016.08.08 22:57:05.000,0.19715,0.19747,0.02,0.01
2016.08.08 22:57:51.069,0.19714,0.19747,0.02,0.01
2016.08.08 22:58:00.664,0.19713,0.19747,0.01,0.01
2016.08.08 22:59:56.766,0.19712,0.19745,0.01,0.04
2016.08.08 22:59:56.941,0.19712,0.19745,0.01,0.04
2016.08.08 22:59:59.200,0.19712,0.19743,0.01,0.01
