2013.10.21 18:00:03.134,0.22236,0.22278,0.02,0.02
2013.10.21 18:00:03.748,0.22236,0.22278,0.02,0.03
2013.10.21 18:00:03.950,0.22233,0.22278,0.02,0.03
2013.10.21 18:00:04.124,0.22231,0.22275,0.03,0.02
2013.10.21 18:00:04.473,0.22236,0.22273,0.02,0.02
2013.10.21 18:00:04.533,0.22236,0.22278,0.02,0.03
2013.10.21 18:00:04.593,0.22236,0.22278,0.02,0.03
2013.10.21 18:00:05.162,0.22236,0.22276,0.02,0.02
2013.10.21 18:00:10.481,0.22233,0.22277,0.03,0.02
2013.10.21 18:00:11.954,0.22236,0.22277,0.02,0.03
2013.10.21 18:00:26.374,0.22236,0.22277,0.02,0.02
2013.10.21 18:00:33.424,0.22231,0.22276,0.05,0.02
2013.10.21 18:00:44.713,0.22236,0.22277,0.02,0.03
2013.10.21 18:00:59.684,0.22232,0.22277,0.03,0.03
2013.10.21 18:00:59.764,0.22232,0.22274,0.03,0.02
2013.10.21 18:01:00.355,0.22231,0.22274,0.02,0.04
2013.10.21 18:01:00.929,0.22231,0.22273,0.02,0.02
2013.10.21 18:01:07.142,0.22231,0.22273,0.03,0.02
2013.10.21 18:01:07.294,0.22232,0.22277,0.03,0.02
2013.10.21 18:01:14.409,0.22233,0.22278,0.03,0.03
2013.10.21 18:01:24.381,0.22236,0.22277,0.02,0.02
2013.10.21 18:01:40.219,0.22236,0.22278,0.02,0.03
2013.10.21 18:01:50.913,0.22236,0.22281,0.04,0.03
2013.10.21 18:01:57.594,0.22236,0.22281,0.04,0.03
2013.10.21 18:01:59.123,0.22236,0.22281,0.04,0.03
2013.10.21 18:01:59.506,0.22236,0.22275,0.02,0.02
2013.10.21 18:02:00.244,0.22232,0.22277,0.03,0.03
2013.10.21 18:02:00.432,0.22232,0.22277,0.03,0.03
2013.10.21 18:02:16.744,0.22232,0.22277,0.03,0.03
2013.10.21 18:02:23.262,0.22232,0.22277,0.03,0.03
2013.10.21 18:02:23.777,0.22231,0.22275,0.02,0.03
2013.10.21 18:02:34.895,0.22231,0.22275,0.02,0.03
2013.10.21 18:02:36.704,0.22231,0.22274,0.02,0.02
2013.10.21 18:03:55.961,0.22229,0.22274,0.02,0.03
2013.10.21 18:03:56.041,0.22229,0.22274,0.02,0.03
2013.10.21 18:03:56.483,0.22226,0.22267,0.02,0.02
2013.10.21 18:03:57.785,0.22226,0.22268,0.02,0.03
2013.10.21 18:04:56.101,0.22231,0.2227,0.02,0.03
2013.10.21 18:04:56.164,0.22231,0.2227,0.02,0.02
2013.10.21 18:04:56.224,0.22231,0.22273,0.02,0.03
2013.10.21 18:05:35.025,0.22231,0.22273,0.02,0.03
2013.10.21 18:05:56.634,0.22236,0.22276,0.02,0.03
2013.10.21 18:05:57.149,0.22236,0.22277,0.02,0.02
2013.10.21 18:05:57.804,0.22236,0.22278,0.02,0.03
2013.10.21 18:06:38.046,0.22236,0.22277,0.02,0.02
2013.10.21 18:06:57.814,0.22231,0.22275,0.03,0.02
2013.10.21 18:07:01.447,0.22231,0.22275,0.02,0.03
2013.10.21 18:07:01.949,0.22231,0.22275,0.02,0.03
2013.10.21 18:07:29.327,0.22231,0.22275,0.03,0.02
2013.10.21 18:07:29.384,0.22236,0.22276,0.02,0.03
2013.10.21 18:08:02.906,0.22232,0.22277,0.02,0.03
2013.10.21 18:08:02.965,0.22231,0.22275,0.02,0.03
2013.10.21 18:08:10.405,0.2223,0.22275,0.02,0.03
2013.10.21 18:08:10.906,0.22226,0.22267,0.02,0.03
2013.10.21 18:08:11.250,0.22231,0.22272,0.02,0.03
2013.10.21 18:08:13.109,0.22227,0.22272,0.02,0.03
2013.10.21 18:08:13.899,0.22226,0.2227,0.03,0.02
2013.10.21 18:08:16.797,0.22226,0.2227,0.03,0.02
2013.10.21 18:08:17.274,0.22226,0.2227,0.03,0.02
2013.10.21 18:08:18.084,0.22226,0.2227,0.03,0.02
2013.10.21 18:08:18.773,0.22227,0.2227,0.02,0.02
2013.10.21 18:08:18.834,0.22227,0.22272,0.03,0.03
2013.10.21 18:08:20.769,0.22231,0.22273,0.02,0.02
2013.10.21 18:08:22.909,0.22231,0.22271,0.02,0.02
2013.10.21 18:08:23.264,0.22226,0.22267,0.02,0.03
2013.10.21 18:08:23.324,0.22226,0.22267,0.02,0.02
2013.10.21 18:08:31.014,0.22226,0.22267,0.02,0.03
2013.10.21 18:08:40.164,0.22226,0.22267,0.02,0.03
2013.10.21 18:08:42.379,0.22226,0.22268,0.02,0.03
2013.10.21 18:08:42.494,0.22226,0.22271,0.05,0.02
2013.10.21 18:08:51.553,0.22226,0.22269,0.03,0.02
2013.10.21 18:08:51.614,0.22226,0.22269,0.02,0.04
2013.10.21 18:08:51.735,0.22226,0.22267,0.02,0.02
2013.10.21 18:09:01.495,0.22226,0.22267,0.02,0.03
2013.10.21 18:09:04.426,0.22226,0.22267,0.02,0.02
2013.10.21 18:09:04.544,0.22226,0.2227,0.02,0.03
2013.10.21 18:09:05.234,0.22226,0.22269,0.02,0.03
2013.10.21 18:09:09.046,0.22221,0.22266,0.05,0.03
2013.10.21 18:09:11.821,0.22221,0.22265,0.02,0.03
2013.10.21 18:09:12.035,0.22221,0.22262,0.02,0.02
2013.10.21 18:09:12.566,0.22221,0.22262,0.02,0.03
2013.10.21 18:09:20.076,0.22221,0.22262,0.02,0.03
2013.10.21 18:09:35.704,0.22221,0.22262,0.02,0.03
2013.10.21 18:09:44.705,0.22221,0.22265,0.02,0.03
2013.10.21 18:10:01.105,0.22221,0.22265,0.03,0.02
2013.10.21 18:10:01.164,0.22226,0.22265,0.02,0.02
2013.10.21 18:10:01.226,0.22226,0.22267,0.02,0.03
2013.10.21 18:10:01.900,0.22222,0.22266,0.02,0.02
2013.10.21 18:10:15.264,0.22226,0.22267,0.02,0.03
2013.10.21 18:10:28.626,0.22222,0.22267,0.03,0.03
2013.10.21 18:10:29.319,0.22221,0.22266,0.05,0.02
2013.10.21 18:10:49.084,0.22221,0.22265,0.03,0.02
2013.10.21 18:10:49.419,0.22226,0.22265,0.02,0.02
2013.10.21 18:10:49.955,0.22226,0.22268,0.02,0.03
2013.10.21 18:11:32.064,0.22222,0.22266,0.02,0.02
2013.10.21 18:11:53.048,0.22222,0.22267,0.04,0.03
2013.10.21 18:12:17.220,0.22222,0.22267,0.03,0.03
2013.10.21 18:12:17.445,0.22221,0.22265,0.03,0.02
2013.10.21 18:12:41.865,0.22226,0.22265,0.02,0.02
2013.10.21 18:12:42.046,0.22226,0.22267,0.02,0.03
2013.10.21 18:12:42.812,0.22222,0.22266,0.02,0.02
2013.10.21 18:12:43.143,0.22221,0.22266,0.05,0.03
2013.10.21 18:12:59.235,0.22221,0.22266,0.05,0.03
2013.10.21 18:14:04.836,0.22221,0.22266,0.05,0.03
2013.10.21 18:14:17.365,0.22221,0.22266,0.05,0.03
2013.10.21 18:14:17.436,0.22221,0.22266,0.05,0.03
2013.10.21 18:14:17.555,0.22221,0.22264,0.02,0.02
2013.10.21 18:14:17.921,0.22221,0.22264,0.03,0.02
2013.10.21 18:14:17.975,0.22221,0.22266,0.05,0.02
2013.10.21 18:14:18.530,0.22221,0.22266,0.05,0.02
2013.10.21 18:14:20.926,0.22221,0.22266,0.04,0.03
2013.10.21 18:14:21.507,0.22221,0.22266,0.04,0.03
2013.10.21 18:14:43.206,0.22221,0.22262,0.02,0.02
2013.10.21 18:14:46.416,0.22221,0.22264,0.02,0.03
2013.10.21 18:14:55.185,0.22221,0.22265,0.02,0.03
2013.10.21 18:15:18.444,0.22221,0.22265,0.02,0.03
2013.10.21 18:15:23.436,0.22221,0.22262,0.02,0.02
2013.10.21 18:15:23.656,0.22221,0.22264,0.02,0.03
2013.10.21 18:15:24.956,0.22221,0.22262,0.02,0.02
2013.10.21 18:15:52.419,0.22221,0.22264,0.02,0.04
2013.10.21 18:15:52.535,0.22221,0.22262,0.02,0.02
2013.10.21 18:16:00.345,0.22221,0.22261,0.02,0.02
2013.10.21 18:16:13.766,0.22216,0.22261,0.03,0.03
2013.10.21 18:16:14.180,0.22216,0.22261,0.03,0.02
2013.10.21 18:16:14.421,0.22216,0.22259,0.03,0.02
2013.10.21 18:16:14.626,0.22216,0.22257,0.03,0.02
2013.10.21 18:16:26.731,0.22216,0.22259,0.03,0.03
2013.10.21 18:16:36.418,0.22216,0.22257,0.03,0.02
2013.10.21 18:16:39.576,0.22216,0.22253,0.03,0.02
2013.10.21 18:16:39.635,0.22208,0.22253,0.03,0.02
2013.10.21 18:16:42.795,0.22211,0.22253,0.02,0.02
2013.10.21 18:16:43.975,0.22206,0.22251,0.03,0.02
2013.10.21 18:16:44.215,0.22205,0.2225,0.03,0.02
2013.10.21 18:16:44.717,0.22206,0.2225,0.03,0.03
2013.10.21 18:16:44.835,0.22206,0.22247,0.03,0.02
2013.10.21 18:16:45.135,0.22206,0.2225,0.03,0.03
2013.10.21 18:16:50.305,0.22206,0.22249,0.03,0.02
2013.10.21 18:16:50.365,0.22206,0.22247,0.03,0.02
2013.10.21 18:16:54.651,0.22202,0.22247,0.03,0.03
2013.10.21 18:16:54.825,0.222,0.22242,0.02,0.02
2013.10.21 18:16:56.224,0.22201,0.22243,0.02,0.02
2013.10.21 18:16:56.666,0.22201,0.22245,0.02,0.03
2013.10.21 18:16:58.293,0.22201,0.2224,0.02,0.02
2013.10.21 18:16:59.001,0.22195,0.2224,0.03,0.02
2013.10.21 18:17:00.385,0.22199,0.2224,0.02,0.02
2013.10.21 18:17:00.775,0.22196,0.22241,0.03,0.02
2013.10.21 18:17:01.483,0.22199,0.22241,0.02,0.02
2013.10.21 18:17:17.065,0.22201,0.22245,0.02,0.03
2013.10.21 18:17:19.335,0.22201,0.22245,0.02,0.02
2013.10.21 18:17:19.395,0.22206,0.22245,0.02,0.02
2013.10.21 18:17:19.456,0.22206,0.22247,0.02,0.03
2013.10.21 18:17:20.187,0.22202,0.22247,0.03,0.03
2013.10.21 18:17:20.408,0.22201,0.22244,0.02,0.02
2013.10.21 18:17:39.025,0.22206,0.22244,0.02,0.02
2013.10.21 18:17:39.086,0.22206,0.22247,0.02,0.02
2013.10.21 18:17:46.997,0.22206,0.22247,0.03,0.02
2013.10.21 18:17:47.116,0.22206,0.22249,0.04,0.02
2013.10.21 18:17:47.375,0.22206,0.22247,0.02,0.02
2013.10.21 18:17:48.786,0.22202,0.22247,0.03,0.02
2013.10.21 18:17:48.845,0.22201,0.22245,0.02,0.02
2013.10.21 18:17:49.245,0.22201,0.22245,0.03,0.03
2013.10.21 18:17:49.365,0.22201,0.22246,0.05,0.03
2013.10.21 18:18:10.265,0.22206,0.22247,0.02,0.02
2013.10.21 18:18:16.397,0.22202,0.22247,0.03,0.02
2013.10.21 18:18:16.468,0.22202,0.22247,0.02,0.03
2013.10.21 18:18:17.270,0.22201,0.22245,0.02,0.03
2013.10.21 18:18:17.610,0.22201,0.22242,0.02,0.02
2013.10.21 18:18:33.940,0.22201,0.22244,0.02,0.05
2013.10.21 18:19:02.661,0.222,0.22244,0.02,0.03
2013.10.21 18:19:03.109,0.22196,0.2224,0.03,0.03
2013.10.21 18:19:03.672,0.22196,0.22239,0.03,0.02
2013.10.21 18:19:04.132,0.22196,0.22237,0.03,0.02
2013.10.21 18:19:04.375,0.22201,0.22243,0.02,0.03
2013.10.21 18:19:05.216,0.22201,0.22242,0.02,0.02
2013.10.21 18:19:05.365,0.22196,0.22241,0.05,0.02
2013.10.21 18:19:09.288,0.22198,0.22241,0.02,0.03
2013.10.21 18:19:16.612,0.22197,0.22242,0.02,0.03
2013.10.21 18:19:16.667,0.22197,0.22242,0.02,0.03
2013.10.21 18:19:17.227,0.22196,0.22241,0.05,0.03
2013.10.21 18:19:19.815,0.22196,0.22241,0.04,0.03
2013.10.21 18:19:30.871,0.22196,0.22241,0.05,0.03
2013.10.21 18:19:37.827,0.22196,0.22241,0.04,0.03
2013.10.21 18:19:37.919,0.22196,0.22241,0.05,0.03
2013.10.21 18:19:38.929,0.22196,0.22241,0.04,0.03
2013.10.21 18:19:40.137,0.22201,0.22241,0.02,0.03
2013.10.21 18:19:40.285,0.22201,0.22243,0.02,0.03
2013.10.21 18:20:02.746,0.22197,0.22242,0.02,0.03
2013.10.21 18:20:02.866,0.22197,0.22242,0.02,0.03
2013.10.21 18:20:03.195,0.22201,0.22243,0.02,0.03
2013.10.21 18:20:16.428,0.22206,0.22243,0.02,0.03
2013.10.21 18:20:16.486,0.22206,0.22244,0.02,0.02
2013.10.21 18:20:16.605,0.22206,0.22248,0.02,0.02
2013.10.21 18:20:35.180,0.22206,0.22249,0.02,0.03
2013.10.21 18:20:37.767,0.22206,0.22249,0.02,0.03
2013.10.21 18:20:38.325,0.22206,0.22249,0.02,0.03
2013.10.21 18:20:41.788,0.22206,0.22247,0.02,0.02
2013.10.21 18:20:51.166,0.22206,0.22247,0.02,0.03
2013.10.21 18:20:52.565,0.22202,0.22247,0.02,0.03
2013.10.21 18:20:52.626,0.22206,0.22247,0.02,0.02
2013.10.21 18:20:52.685,0.22206,0.22251,0.04,0.03
2013.10.21 18:20:54.156,0.22206,0.22251,0.04,0.03
2013.10.21 18:21:00.706,0.22206,0.22247,0.02,0.02
2013.10.21 18:21:42.044,0.22206,0.22248,0.02,0.03
2013.10.21 18:21:56.918,0.22206,0.22246,0.02,0.02
2013.10.21 18:21:56.976,0.22201,0.22246,0.05,0.02
2013.10.21 18:21:57.587,0.22202,0.22246,0.02,0.02
2013.10.21 18:22:02.418,0.22206,0.22248,0.02,0.03
2013.10.21 18:22:08.236,0.22203,0.22248,0.02,0.03
2013.10.21 18:22:08.296,0.22201,0.22243,0.02,0.02
2013.10.21 18:22:08.475,0.22201,0.22245,0.02,0.02
2013.10.21 18:22:08.956,0.22201,0.22246,0.04,0.02
2013.10.21 18:22:09.286,0.22206,0.22248,0.02,0.03
2013.10.21 18:22:09.466,0.22201,0.22246,0.04,0.03
2013.10.21 18:22:10.175,0.22201,0.22245,0.02,0.02
2013.10.21 18:22:10.467,0.22201,0.22242,0.02,0.02
2013.10.21 18:22:11.666,0.22197,0.22241,0.02,0.02
2013.10.21 18:22:14.955,0.22196,0.22239,0.05,0.02
2013.10.21 18:22:15.477,0.22196,0.22238,0.03,0.02
2013.10.21 18:22:16.019,0.22201,0.22243,0.02,0.03
2013.10.21 18:22:16.576,0.22201,0.22242,0.02,0.02
2013.10.21 18:22:21.154,0.22201,0.22243,0.02,0.03
2013.10.21 18:22:36.736,0.22201,0.22241,0.02,0.02
2013.10.21 18:22:36.856,0.22196,0.2224,0.03,0.02
2013.10.21 18:22:40.109,0.22196,0.2224,0.03,0.03
2013.10.21 18:22:40.695,0.22196,0.22238,0.03,0.03
2013.10.21 18:22:45.926,0.22196,0.2224,0.03,0.02
2013.10.21 18:22:46.427,0.22197,0.22242,0.03,0.03
2013.10.21 18:22:47.687,0.22196,0.2224,0.03,0.02
2013.10.21 18:22:47.746,0.22196,0.2224,0.03,0.02
2013.10.21 18:22:48.385,0.22196,0.2224,0.03,0.02
2013.10.21 18:22:49.436,0.22199,0.22242,0.02,0.03
2013.10.21 18:22:49.776,0.22201,0.22243,0.02,0.03
2013.10.21 18:23:06.783,0.22201,0.22244,0.03,0.02
2013.10.21 18:23:07.665,0.22201,0.22246,0.05,0.03
2013.10.21 18:23:14.575,0.22201,0.22244,0.04,0.02
2013.10.21 18:23:14.696,0.22201,0.22242,0.02,0.02
2013.10.21 18:23:19.206,0.22201,0.22244,0.02,0.03
2013.10.21 18:23:21.973,0.22201,0.22244,0.02,0.03
2013.10.21 18:23:22.790,0.22201,0.22246,0.04,0.03
2013.10.21 18:23:26.444,0.22202,0.22246,0.02,0.03
2013.10.21 18:23:26.646,0.22202,0.22247,0.04,0.03
2013.10.21 18:23:28.996,0.22206,0.22248,0.03,0.02
2013.10.21 18:23:29.116,0.22206,0.22251,0.05,0.03
2013.10.21 18:23:29.526,0.22206,0.22248,0.03,0.02
2013.10.21 18:23:33.763,0.22203,0.22248,0.03,0.03
2013.10.21 18:23:35.756,0.22203,0.22248,0.03,0.03
2013.10.21 18:23:36.499,0.22202,0.22246,0.02,0.02
2013.10.21 18:23:52.096,0.22201,0.22244,0.05,0.02
2013.10.21 18:23:53.597,0.22201,0.22245,0.02,0.03
2013.10.21 18:23:54.793,0.22201,0.22244,0.02,0.02
2013.10.21 18:23:55.481,0.22201,0.22243,0.02,0.02
2013.10.21 18:23:57.832,0.222,0.22243,0.02,0.03
2013.10.21 18:23:58.562,0.222,0.22241,0.02,0.02
2013.10.21 18:23:59.975,0.22196,0.22241,0.03,0.02
2013.10.21 18:24:00.228,0.22196,0.22239,0.02,0.02
2013.10.21 18:24:00.486,0.22196,0.22239,0.03,0.03
2013.10.21 18:24:00.995,0.22196,0.22239,0.03,0.02
2013.10.21 18:24:01.108,0.22196,0.22241,0.05,0.03
2013.10.21 18:24:04.685,0.22197,0.22242,0.03,0.02
2013.10.21 18:24:04.762,0.22201,0.22242,0.02,0.02
2013.10.21 18:24:06.488,0.22201,0.22242,0.02,0.02
2013.10.21 18:24:07.248,0.22201,0.22242,0.02,0.02
2013.10.21 18:24:10.996,0.22198,0.22241,0.02,0.02
2013.10.21 18:24:12.891,0.22196,0.22239,0.05,0.02
2013.10.21 18:24:13.592,0.22196,0.22238,0.03,0.02
2013.10.21 18:24:32.379,0.22196,0.22238,0.03,0.02
2013.10.21 18:24:58.225,0.22201,0.22238,0.02,0.02
2013.10.21 18:24:58.405,0.22201,0.22243,0.02,0.03
2013.10.21 18:24:58.535,0.22201,0.22243,0.02,0.03
2013.10.21 18:25:04.186,0.22198,0.22243,0.03,0.04
2013.10.21 18:25:04.504,0.22196,0.22237,0.03,0.02
2013.10.21 18:25:24.357,0.22196,0.22238,0.02,0.02
2013.10.21 18:25:29.716,0.22196,0.22239,0.02,0.03
2013.10.21 18:25:34.870,0.22196,0.2224,0.05,0.02
2013.10.21 18:25:35.440,0.22196,0.2224,0.05,0.02
2013.10.21 18:25:38.229,0.22201,0.22242,0.02,0.03
2013.10.21 18:25:40.208,0.22198,0.22239,0.02,0.02
2013.10.21 18:25:40.325,0.22196,0.22237,0.02,0.02
2013.10.21 18:25:44.433,0.22196,0.22239,0.04,0.02
2013.10.21 18:25:44.650,0.22196,0.22241,0.05,0.03
2013.10.21 18:25:44.765,0.22196,0.22241,0.05,0.03
2013.10.21 18:25:44.963,0.22196,0.22241,0.05,0.03
2013.10.21 18:25:45.066,0.22196,0.22241,0.05,0.03
2013.10.21 18:25:45.185,0.22196,0.22241,0.05,0.03
2013.10.21 18:25:45.277,0.22196,0.22241,0.05,0.03
2013.10.21 18:25:45.368,0.22196,0.22241,0.05,0.03
2013.10.21 18:25:45.515,0.22196,0.22241,0.05,0.03
2013.10.21 18:25:45.580,0.22196,0.22241,0.05,0.03
2013.10.21 18:25:45.750,0.22196,0.22241,0.04,0.03
2013.10.21 18:25:46.088,0.22196,0.22241,0.05,0.03
2013.10.21 18:25:46.205,0.22196,0.22241,0.04,0.03
2013.10.21 18:25:46.505,0.22196,0.22241,0.05,0.03
2013.10.21 18:25:46.594,0.22196,0.22241,0.04,0.03
2013.10.21 18:25:46.698,0.22196,0.22241,0.05,0.03
2013.10.21 18:26:21.672,0.22197,0.22242,0.03,0.03
2013.10.21 18:26:22.088,0.22198,0.2224,0.02,0.03
2013.10.21 18:26:23.040,0.22198,0.22243,0.03,0.03
2013.10.21 18:26:28.585,0.22198,0.22243,0.03,0.03
2013.10.21 18:26:54.505,0.22201,0.22243,0.02,0.03
2013.10.21 18:26:57.317,0.22198,0.22243,0.03,0.03
2013.10.21 18:26:57.505,0.22196,0.2224,0.03,0.02
2013.10.21 18:27:04.073,0.22196,0.2224,0.03,0.02
2013.10.21 18:27:04.195,0.22201,0.22242,0.02,0.02
2013.10.21 18:27:04.729,0.22201,0.22242,0.02,0.03
2013.10.21 18:27:08.548,0.22197,0.22242,0.02,0.03
2013.10.21 18:27:08.605,0.22196,0.2224,0.02,0.03
2013.10.21 18:27:09.682,0.22197,0.22242,0.02,0.03
2013.10.21 18:27:09.899,0.22197,0.22242,0.02,0.03
2013.10.21 18:27:12.112,0.22201,0.22242,0.02,0.03
2013.10.21 18:28:08.718,0.22201,0.22243,0.02,0.03
2013.10.21 18:28:08.855,0.22202,0.22247,0.03,0.03
2013.10.21 18:28:15.153,0.22202,0.22247,0.02,0.03
2013.10.21 18:28:15.215,0.22202,0.22247,0.02,0.03
2013.10.21 18:28:15.797,0.22201,0.22245,0.02,0.03
2013.10.21 18:28:17.895,0.22203,0.22248,0.02,0.03
2013.10.21 18:28:18.479,0.22206,0.22248,0.02,0.03
2013.10.21 18:28:27.425,0.22211,0.22248,0.02,0.03
2013.10.21 18:28:27.685,0.22211,0.22253,0.02,0.03
2013.10.21 18:28:32.975,0.22211,0.22254,0.02,0.02
2013.10.21 18:28:37.867,0.22216,0.22254,0.02,0.02
2013.10.21 18:28:40.893,0.22213,0.22256,0.02,0.02
2013.10.21 18:28:41.065,0.22211,0.22256,0.05,0.03
2013.10.21 18:28:43.535,0.22211,0.22252,0.02,0.02
2013.10.21 18:28:44.085,0.22211,0.22252,0.02,0.03
2013.10.21 18:28:51.617,0.22211,0.22254,0.02,0.04
2013.10.21 18:28:51.675,0.22213,0.22254,0.02,0.02
2013.10.21 18:28:52.099,0.22216,0.22258,0.02,0.03
2013.10.21 18:29:00.722,0.22216,0.22258,0.02,0.03
2013.10.21 18:29:11.175,0.22212,0.22256,0.02,0.03
2013.10.21 18:29:11.415,0.22211,0.22252,0.02,0.02
2013.10.21 18:29:14.295,0.22208,0.22252,0.03,0.03
2013.10.21 18:29:20.362,0.22208,0.22249,0.02,0.03
2013.10.21 18:29:20.646,0.22201,0.22246,0.05,0.03
2013.10.21 18:29:20.767,0.22206,0.22246,0.02,0.03
2013.10.21 18:29:20.847,0.22206,0.22246,0.02,0.03
2013.10.21 18:29:25.247,0.22206,0.22247,0.02,0.02
2013.10.21 18:29:25.306,0.22206,0.2225,0.03,0.03
2013.10.21 18:29:25.366,0.22206,0.2225,0.03,0.03
2013.10.21 18:29:26.025,0.22211,0.22254,0.03,0.03
2013.10.21 18:29:26.647,0.22211,0.22256,0.04,0.03
2013.10.21 18:29:28.978,0.22211,0.22256,0.05,0.03
2013.10.21 18:29:29.155,0.22212,0.22257,0.03,0.03
2013.10.21 18:29:47.226,0.22212,0.22257,0.03,0.03
2013.10.21 18:29:48.728,0.22212,0.22257,0.02,0.03
2013.10.21 18:29:49.229,0.22211,0.22255,0.02,0.03
2013.10.21 18:29:51.356,0.22211,0.22254,0.02,0.03
2013.10.21 18:29:51.427,0.22211,0.22254,0.02,0.03
2013.10.21 18:29:58.525,0.22216,0.22256,0.02,0.03
2013.10.21 18:29:58.705,0.22216,0.22258,0.02,0.03
2013.10.21 18:29:59.645,0.22216,0.22258,0.02,0.03
2013.10.21 18:30:00.745,0.22212,0.22257,0.02,0.03
2013.10.21 18:30:01.261,0.22211,0.22255,0.02,0.03
2013.10.21 18:30:01.767,0.22211,0.22255,0.02,0.03
2013.10.21 18:30:07.366,0.22207,0.22251,0.02,0.02
2013.10.21 18:30:07.486,0.22206,0.22247,0.02,0.02
2013.10.21 18:30:07.870,0.22202,0.22247,0.03,0.02
2013.10.21 18:30:07.985,0.22201,0.22246,0.04,0.03
2013.10.21 18:30:08.656,0.22202,0.22247,0.03,0.03
2013.10.21 18:30:09.047,0.22206,0.22247,0.02,0.02
2013.10.21 18:30:18.204,0.22202,0.22247,0.03,0.02
2013.10.21 18:30:18.327,0.22201,0.22245,0.03,0.02
2013.10.21 18:30:18.516,0.22206,0.22245,0.02,0.02
2013.10.21 18:30:18.696,0.22206,0.22251,0.04,0.03
2013.10.21 18:30:34.707,0.22206,0.2225,0.03,0.02
2013.10.21 18:30:34.955,0.22206,0.22248,0.02,0.03
2013.10.21 18:30:35.536,0.22201,0.22246,0.05,0.02
2013.10.21 18:30:43.936,0.22206,0.22246,0.02,0.03
2013.10.21 18:30:44.186,0.22206,0.22248,0.02,0.03
2013.10.21 18:30:56.825,0.22202,0.22246,0.02,0.02
2013.10.21 18:31:00.110,0.22201,0.22246,0.05,0.02
2013.10.21 18:31:00.617,0.22201,0.22246,0.05,0.03
2013.10.21 18:31:30.515,0.22201,0.22246,0.04,0.03
2013.10.21 18:31:31.091,0.22201,0.22243,0.02,0.02
2013.10.21 18:31:31.871,0.22199,0.22242,0.02,0.03
2013.10.21 18:31:49.306,0.22196,0.22241,0.05,0.03
2013.10.21 18:32:00.483,0.22196,0.22239,0.05,0.02
2013.10.21 18:32:00.992,0.22196,0.22238,0.02,0.03
2013.10.21 18:32:41.796,0.22196,0.22237,0.02,0.02
2013.10.21 18:32:54.234,0.22196,0.22237,0.02,0.03
2013.10.21 18:32:54.649,0.22196,0.22232,0.02,0.02
2013.10.21 18:32:54.708,0.22191,0.22233,0.02,0.02
2013.10.21 18:33:05.117,0.22196,0.22233,0.02,0.03
2013.10.21 18:33:05.287,0.22196,0.22241,0.05,0.03
2013.10.21 18:33:05.406,0.22201,0.22243,0.02,0.03
2013.10.21 18:33:05.586,0.22201,0.22243,0.02,0.02
2013.10.21 18:33:05.646,0.22201,0.22246,0.04,0.02
2013.10.21 18:33:05.887,0.22201,0.22246,0.04,0.02
2013.10.21 18:33:06.392,0.22201,0.22246,0.05,0.03
2013.10.21 18:33:07.466,0.22201,0.22246,0.05,0.03
2013.10.21 18:33:11.504,0.22201,0.22246,0.05,0.03
2013.10.21 18:33:14.081,0.22201,0.22246,0.04,0.03
2013.10.21 18:33:14.196,0.22201,0.22245,0.02,0.03
2013.10.21 18:33:17.501,0.22201,0.22245,0.02,0.03
2013.10.21 18:33:18.116,0.22201,0.22245,0.03,0.02
2013.10.21 18:33:21.514,0.22201,0.22246,0.04,0.03
2013.10.21 18:33:21.898,0.22201,0.22243,0.02,0.03
2013.10.21 18:33:53.196,0.22201,0.22243,0.02,0.03
2013.10.21 18:33:55.686,0.22201,0.22244,0.03,0.03
2013.10.21 18:33:56.026,0.22206,0.22247,0.02,0.03
2013.10.21 18:33:59.413,0.22206,0.22249,0.02,0.02
2013.10.21 18:34:00.271,0.22206,0.2225,0.03,0.03
2013.10.21 18:34:00.852,0.22207,0.22252,0.03,0.03
2013.10.21 18:34:01.289,0.22207,0.22249,0.02,0.02
2013.10.21 18:34:01.426,0.22206,0.22249,0.04,0.02
2013.10.21 18:34:02.713,0.22206,0.2225,0.02,0.03
2013.10.21 18:34:03.382,0.22206,0.2225,0.03,0.03
2013.10.21 18:34:03.931,0.22208,0.22253,0.03,0.03
2013.10.21 18:34:04.583,0.22208,0.22253,0.03,0.03
2013.10.21 18:34:04.636,0.22208,0.22249,0.02,0.02
2013.10.21 18:34:04.707,0.22206,0.22248,0.02,0.02
2013.10.21 18:34:05.316,0.22206,0.22251,0.04,0.03
2013.10.21 18:34:05.793,0.22206,0.22251,0.04,0.03
2013.10.21 18:34:06.126,0.22211,0.22252,0.02,0.03
2013.10.21 18:34:06.926,0.22207,0.22251,0.02,0.02
2013.10.21 18:34:07.533,0.22206,0.22248,0.02,0.03
2013.10.21 18:34:07.993,0.22206,0.22248,0.02,0.03
2013.10.21 18:34:08.841,0.22203,0.22248,0.02,0.03
2013.10.21 18:34:08.956,0.22201,0.22243,0.02,0.02
2013.10.21 18:34:10.876,0.22201,0.22246,0.04,0.03
2013.10.21 18:34:15.103,0.22201,0.22246,0.05,0.03
2013.10.21 18:34:16.256,0.22206,0.22247,0.02,0.03
2013.10.21 18:34:18.776,0.22203,0.22248,0.03,0.03
2013.10.21 18:34:29.110,0.22202,0.22245,0.02,0.02
2013.10.21 18:34:29.823,0.22201,0.22244,0.04,0.02
2013.10.21 18:34:32.243,0.22202,0.22247,0.02,0.03
2013.10.21 18:34:32.356,0.22202,0.22247,0.03,0.03
2013.10.21 18:34:33.403,0.22202,0.22247,0.03,0.03
2013.10.21 18:34:52.766,0.22206,0.22248,0.02,0.03
2013.10.21 18:34:57.816,0.22203,0.22248,0.02,0.03
2013.10.21 18:34:57.936,0.22201,0.22246,0.04,0.03
2013.10.21 18:34:58.476,0.22201,0.22246,0.04,0.03
2013.10.21 18:35:25.516,0.22206,0.22246,0.02,0.03
2013.10.21 18:35:25.752,0.22206,0.22248,0.02,0.03
2013.10.21 18:35:39.876,0.22206,0.22248,0.02,0.03
2013.10.21 18:35:56.256,0.22202,0.22246,0.02,0.02
2013.10.21 18:35:58.233,0.22201,0.22246,0.05,0.02
2013.10.21 18:35:58.787,0.22201,0.22246,0.04,0.03
2013.10.21 18:36:00.253,0.22201,0.22246,0.05,0.03
2013.10.21 18:36:03.914,0.22201,0.22246,0.04,0.03
2013.10.21 18:36:05.876,0.22201,0.22246,0.04,0.03
2013.10.21 18:36:05.936,0.22201,0.22243,0.02,0.02
2013.10.21 18:36:06.683,0.22201,0.22246,0.04,0.03
2013.10.21 18:36:06.997,0.22201,0.22246,0.05,0.03
2013.10.21 18:36:55.026,0.22204,0.22246,0.02,0.03
2013.10.21 18:37:07.606,0.22201,0.22246,0.05,0.03
2013.10.21 18:37:08.046,0.22201,0.22246,0.04,0.03
2013.10.21 18:37:45.966,0.22201,0.22244,0.02,0.04
2013.10.21 18:38:10.890,0.22201,0.22244,0.02,0.04
2013.10.21 18:38:10.946,0.22206,0.22248,0.02,0.03
2013.10.21 18:38:11.156,0.22206,0.22248,0.02,0.03
2013.10.21 18:38:20.136,0.22206,0.22248,0.02,0.03
2013.10.21 18:38:29.559,0.22206,0.22248,0.02,0.03
2013.10.21 18:39:20.642,0.22203,0.22247,0.02,0.02
2013.10.21 18:39:21.334,0.22202,0.22247,0.03,0.03
2013.10.21 18:39:26.708,0.22206,0.22249,0.02,0.03
2013.10.21 18:40:15.195,0.22211,0.22251,0.02,0.03
2013.10.21 18:40:15.376,0.22211,0.22253,0.02,0.03
2013.10.21 18:40:18.127,0.22206,0.22251,0.04,0.03
2013.10.21 18:40:21.684,0.22206,0.22251,0.05,0.03
2013.10.21 18:40:28.888,0.22206,0.2225,0.04,0.02
2013.10.21 18:40:29.436,0.22206,0.22249,0.02,0.02
2013.10.21 18:41:02.399,0.22203,0.22248,0.02,0.03
2013.10.21 18:41:02.457,0.22201,0.22246,0.05,0.02
2013.10.21 18:41:03.184,0.22201,0.22246,0.04,0.03
2013.10.21 18:41:04.049,0.22201,0.22246,0.04,0.03
2013.10.21 18:41:05.177,0.22206,0.22246,0.02,0.03
2013.10.21 18:41:05.237,0.22206,0.22246,0.02,0.03
2013.10.21 18:41:36.715,0.22202,0.22247,0.02,0.03
2013.10.21 18:41:36.787,0.22202,0.22247,0.02,0.03
2013.10.21 18:41:37.325,0.22201,0.22246,0.04,0.03
2013.10.21 18:41:50.408,0.22201,0.22246,0.04,0.03
2013.10.21 18:41:50.713,0.22201,0.22246,0.04,0.03
2013.10.21 18:42:21.928,0.22201,0.22244,0.04,0.02
2013.10.21 18:42:22.118,0.22201,0.22243,0.02,0.03
2013.10.21 18:43:11.386,0.22201,0.22243,0.02,0.02
2013.10.21 18:43:25.588,0.22201,0.22243,0.02,0.03
2013.10.21 18:43:35.298,0.22201,0.22243,0.02,0.02
2013.10.21 18:43:50.097,0.22201,0.22244,0.02,0.04
2013.10.21 18:43:57.915,0.22201,0.22244,0.02,0.04
2013.10.21 18:45:19.195,0.22198,0.22239,0.02,0.02
2013.10.21 18:45:19.448,0.22196,0.22237,0.02,0.02
2013.10.21 18:45:19.959,0.22196,0.22238,0.02,0.03
2013.10.21 18:45:36.468,0.22191,0.22236,0.03,0.03
2013.10.21 18:46:03.175,0.22201,0.22238,0.02,0.03
2013.10.21 18:46:03.289,0.22201,0.22238,0.02,0.02
2013.10.21 18:46:03.902,0.22201,0.22243,0.02,0.02
2013.10.21 18:46:10.999,0.22199,0.22243,0.02,0.02
2013.10.21 18:46:11.058,0.22197,0.22242,0.02,0.03
2013.10.21 18:46:11.598,0.22201,0.22241,0.02,0.03
2013.10.21 18:46:20.424,0.22197,0.22239,0.02,0.02
2013.10.21 18:46:20.553,0.22196,0.22239,0.04,0.02
2013.10.21 18:47:12.298,0.22196,0.22241,0.04,0.03
2013.10.21 18:47:52.767,0.22198,0.22243,0.02,0.04
2013.10.21 18:47:53.123,0.22201,0.22243,0.02,0.04
2013.10.21 18:47:56.328,0.22201,0.22243,0.02,0.02
2013.10.21 18:47:56.833,0.22201,0.22244,0.02,0.05
2013.10.21 18:47:57.072,0.22201,0.22243,0.02,0.02
2013.10.21 18:47:58.973,0.22206,0.22244,0.02,0.03
2013.10.21 18:47:59.088,0.22206,0.22245,0.02,0.03
2013.10.21 18:48:26.130,0.22211,0.22248,0.02,0.03
2013.10.21 18:48:26.248,0.22211,0.2225,0.02,0.03
2013.10.21 18:49:13.538,0.22211,0.22252,0.02,0.03
2013.10.21 18:49:31.540,0.22207,0.22252,0.03,0.03
2013.10.21 18:49:53.540,0.22211,0.22253,0.02,0.02
2013.10.21 18:49:53.598,0.22216,0.22255,0.02,0.03
2013.10.21 18:49:59.282,0.22213,0.22254,0.02,0.02
2013.10.21 18:49:59.549,0.22211,0.22252,0.02,0.02
2013.10.21 18:50:00.548,0.22208,0.22252,0.03,0.03
2013.10.21 18:50:15.681,0.22216,0.22252,0.02,0.03
2013.10.21 18:50:15.868,0.22216,0.22254,0.02,0.03
2013.10.21 18:50:17.504,0.22213,0.22258,0.02,0.03
2013.10.21 18:50:18.216,0.22211,0.22255,0.02,0.03
2013.10.21 18:50:21.233,0.22211,0.22255,0.02,0.03
2013.10.21 18:50:22.338,0.22211,0.22255,0.03,0.03
2013.10.21 18:50:22.921,0.22212,0.22257,0.02,0.03
2013.10.21 18:50:23.635,0.22211,0.22256,0.04,0.03
2013.10.21 18:50:32.218,0.22211,0.22253,0.02,0.02
2013.10.21 18:50:32.319,0.22211,0.22253,0.02,0.03
2013.10.21 18:50:36.050,0.22211,0.22253,0.02,0.03
2013.10.21 18:50:36.109,0.22211,0.22253,0.02,0.02
2013.10.21 18:50:36.721,0.22216,0.22257,0.02,0.03
2013.10.21 18:50:37.081,0.22212,0.22257,0.02,0.03
2013.10.21 18:50:37.804,0.22211,0.22256,0.04,0.03
2013.10.21 18:50:42.938,0.22211,0.22254,0.02,0.02
2013.10.21 18:51:17.665,0.22208,0.22253,0.02,0.03
2013.10.21 18:51:17.719,0.22206,0.2225,0.03,0.02
2013.10.21 18:51:18.237,0.22206,0.2225,0.02,0.03
2013.10.21 18:51:24.461,0.22207,0.22252,0.02,0.03
2013.10.21 18:51:24.827,0.22211,0.22253,0.02,0.03
2013.10.21 18:51:28.418,0.22211,0.22253,0.02,0.03
2013.10.21 18:51:35.932,0.22213,0.22258,0.02,0.03
2013.10.21 18:51:35.989,0.22213,0.22258,0.02,0.03
2013.10.21 18:51:36.051,0.22216,0.22258,0.02,0.03
2013.10.21 18:51:41.610,0.22216,0.22258,0.02,0.03
2013.10.21 18:51:43.233,0.22216,0.22258,0.02,0.03
2013.10.21 18:51:59.530,0.22216,0.22258,0.02,0.03
2013.10.21 18:52:00.039,0.22216,0.22258,0.02,0.03
2013.10.21 18:52:01.659,0.22216,0.22258,0.02,0.03
2013.10.21 18:52:05.059,0.22216,0.22258,0.02,0.03
2013.10.21 18:53:48.710,0.22216,0.22258,0.02,0.03
2013.10.21 18:53:49.245,0.22216,0.22258,0.02,0.03
2013.10.21 18:53:53.498,0.22212,0.22257,0.02,0.03
2013.10.21 18:53:54.275,0.22211,0.22255,0.02,0.03
2013.10.21 18:54:01.339,0.22211,0.22256,0.05,0.03
2013.10.21 18:54:42.698,0.22213,0.22258,0.03,0.03
2013.10.21 18:54:42.766,0.22213,0.22258,0.03,0.02
2013.10.21 18:54:43.420,0.22216,0.22258,0.02,0.03
2013.10.21 18:55:02.069,0.22216,0.22258,0.02,0.02
2013.10.21 18:55:03.950,0.22213,0.22258,0.03,0.03
2013.10.21 18:55:04.069,0.22211,0.22256,0.04,0.02
2013.10.21 18:55:04.651,0.22211,0.22255,0.02,0.02
2013.10.21 18:55:09.465,0.22211,0.22255,0.02,0.03
2013.10.21 18:55:09.973,0.22211,0.22253,0.02,0.02
2013.10.21 18:55:11.705,0.22208,0.22253,0.02,0.03
2013.10.21 18:55:11.880,0.22206,0.2225,0.02,0.02
2013.10.21 18:55:13.288,0.22206,0.2225,0.03,0.02
2013.10.21 18:55:13.508,0.22208,0.22253,0.03,0.03
2013.10.21 18:55:13.793,0.22208,0.22253,0.02,0.03
2013.10.21 18:55:13.909,0.22206,0.22251,0.04,0.02
2013.10.21 18:55:18.844,0.22206,0.22251,0.04,0.03
2013.10.21 18:55:20.527,0.22206,0.22251,0.04,0.03
2013.10.21 18:55:21.070,0.22206,0.22251,0.04,0.03
2013.10.21 18:55:25.365,0.22206,0.22248,0.02,0.02
2013.10.21 18:55:39.599,0.22203,0.22248,0.02,0.02
2013.10.21 18:55:39.679,0.22203,0.22239,0.02,0.02
2013.10.21 18:55:39.799,0.22198,0.22243,0.03,0.04
2013.10.21 18:55:39.860,0.22192,0.22237,0.03,0.02
2013.10.21 18:55:39.979,0.22196,0.22237,0.02,0.02
2013.10.21 18:55:40.509,0.22192,0.22237,0.03,0.02
2013.10.21 18:55:41.130,0.22192,0.22237,0.03,0.03
2013.10.21 18:55:41.685,0.22196,0.22237,0.02,0.02
2013.10.21 18:55:41.820,0.22196,0.2224,0.03,0.02
2013.10.21 18:55:42.599,0.22193,0.22238,0.03,0.03
2013.10.21 18:55:43.775,0.22193,0.22238,0.03,0.03
2013.10.21 18:55:43.829,0.22193,0.22238,0.02,0.03
2013.10.21 18:55:43.889,0.22191,0.22236,0.04,0.02
2013.10.21 18:55:44.108,0.22191,0.22236,0.05,0.02
2013.10.21 18:55:44.864,0.22192,0.22237,0.03,0.03
2013.10.21 18:55:53.840,0.22196,0.2224,0.02,0.03
2013.10.21 18:56:08.559,0.22196,0.22241,0.04,0.02
2013.10.21 18:56:41.580,0.22196,0.2224,0.02,0.02
2013.10.21 18:56:42.123,0.22196,0.2224,0.02,0.03
2013.10.21 18:56:43.879,0.22193,0.22238,0.03,0.02
2013.10.21 18:56:46.636,0.22196,0.22241,0.04,0.03
2013.10.21 18:56:46.819,0.22196,0.22239,0.04,0.02
2013.10.21 18:56:47.396,0.22191,0.22236,0.05,0.02
2013.10.21 18:56:47.920,0.22191,0.22236,0.05,0.02
2013.10.21 18:56:48.837,0.22191,0.22234,0.04,0.02
2013.10.21 18:56:51.200,0.22191,0.22233,0.02,0.02
2013.10.21 18:56:52.859,0.22191,0.22234,0.02,0.03
2013.10.21 18:56:53.377,0.22191,0.22233,0.02,0.02
2013.10.21 18:57:14.109,0.22187,0.22232,0.03,0.02
2013.10.21 18:57:20.499,0.22191,0.22232,0.02,0.02
2013.10.21 18:57:20.629,0.22192,0.22237,0.03,0.03
2013.10.21 18:57:32.325,0.22191,0.22236,0.04,0.02
2013.10.21 18:57:35.159,0.22196,0.22237,0.02,0.03
2013.10.21 18:57:35.279,0.22196,0.22239,0.02,0.04
2013.10.21 18:57:35.990,0.22196,0.22238,0.02,0.02
2013.10.21 18:57:39.849,0.22196,0.22239,0.02,0.03
2013.10.21 18:57:41.583,0.22196,0.22238,0.02,0.02
2013.10.21 18:57:42.289,0.22196,0.22237,0.02,0.02
2013.10.21 18:57:43.074,0.22196,0.22238,0.02,0.02
2013.10.21 18:57:44.871,0.22193,0.22238,0.02,0.02
2013.10.21 18:57:44.932,0.22191,0.22236,0.05,0.02
2013.10.21 18:57:45.465,0.22191,0.22236,0.04,0.02
2013.10.21 18:57:49.230,0.22196,0.22238,0.02,0.03
2013.10.21 18:57:50.435,0.22193,0.22238,0.02,0.03
2013.10.21 18:57:50.559,0.22191,0.22235,0.02,0.02
2013.10.21 18:57:52.140,0.22192,0.22237,0.02,0.02
2013.10.21 18:57:52.200,0.22192,0.22237,0.03,0.02
2013.10.21 18:57:52.750,0.22196,0.22238,0.02,0.03
2013.10.21 18:57:53.532,0.22192,0.22237,0.03,0.02
2013.10.21 18:57:58.349,0.22196,0.2224,0.02,0.03
2013.10.21 18:58:02.418,0.22196,0.2224,0.03,0.03
2013.10.21 18:58:02.598,0.22198,0.22243,0.03,0.04
2013.10.21 18:58:06.087,0.22197,0.22242,0.03,0.02
2013.10.21 18:58:10.351,0.22201,0.22243,0.02,0.04
2013.10.21 18:58:12.629,0.22201,0.22243,0.02,0.03
2013.10.21 18:58:14.205,0.22201,0.22244,0.04,0.02
2013.10.21 18:58:30.440,0.22201,0.22241,0.02,0.02
2013.10.21 18:58:30.500,0.22196,0.22241,0.04,0.03
2013.10.21 18:58:37.831,0.22196,0.22237,0.02,0.02
2013.10.21 18:58:39.779,0.22193,0.22238,0.03,0.02
2013.10.21 18:58:40.394,0.22196,0.22239,0.02,0.02
2013.10.21 18:58:56.420,0.22196,0.2224,0.03,0.02
2013.10.21 18:58:56.480,0.22197,0.22242,0.03,0.02
2013.10.21 18:58:57.044,0.22199,0.22244,0.03,0.04
2013.10.21 18:58:58.259,0.22198,0.22243,0.03,0.03
2013.10.21 18:58:58.420,0.22196,0.22241,0.04,0.02
2013.10.21 18:59:03.035,0.22201,0.22241,0.02,0.02
2013.10.21 18:59:03.150,0.22201,0.22244,0.02,0.04
2013.10.21 18:59:44.652,0.22202,0.22247,0.02,0.03
2013.10.21 18:59:44.920,0.22202,0.22247,0.03,0.03
2013.10.21 18:59:45.263,0.22202,0.22247,0.02,0.03
2013.10.21 18:59:45.846,0.22201,0.22246,0.04,0.03
2013.10.21 18:59:48.543,0.22197,0.22242,0.03,0.02
2013.10.21 18:59:54.980,0.22201,0.22243,0.02,0.03
2013.10.21 18:59:58.010,0.22197,0.22242,0.03,0.02
2013.10.21 18:59:58.130,0.22197,0.22242,0.03,0.02
2013.10.21 18:59:59.851,0.22197,0.22242,0.02,0.02
